2667 4034
338 342 409 385 our.
430 344 632 384 exn-mm.
674 327 705 395 ἐξ
729 328 897 386 271-176.
1031 329 1068 384 93

159 533 225 599 que
249 513 404 579 exclusus
427 512 626 597 Oppianicus
649 514 685 577 in
707 514 889 579 Falernum
912 536 945 580 00
968 515 1010 580 ad
1030 513 1067 580 Ο.

161 619 382 697 Quinctilium
397 618 606 702 contulisset,
622 619 669 683 ibi
690 620 835 703 primum
858 621 895 684 in
916 611 1071 684 morbum

159 726 277 790 incidit
307 745 345 789 ac
376 724 455 788 satis
481 725 693 790 vehementer
723 725 847 809 diuque
877 727 1067 809 aegrotavit.

161 831 277 909 Quum
291 837 377 895 esset
392 850 462 897 una
483 829 592 894 Sassia
605 850 709 913 eaque
726 829 802 894 Sex.
816 830 914 895 Albio
925 831 1070 915 quodam
1156 839 1159 846 '

161 937 287 1019 colono,
310 937 442 1002 homine
469 935 604 1017 valenti,
626 935 685 1020 qui
712 937 812 1001 simul
838 956 907 1003 esse
934 937 1069 1019 solebat,

161 1043 357 1107 familiarius
390 1049 554 1124 uteretur,
584 1061 687 1126 quam
714 1043 767 1106 vir
796 1043 1069 1108 dissolutissimus

161 1149 319 1214 ineolumi
343 1148 477 1214 fortuna
498 1148 567 1232 pati
587 1155 708 1232 posset,
726 1154 761 1213 et
779 1149 832 1213 ius
850 1149 936 1212 illud
957 1149 1069 1214 matri-

161 1254 264 1320 monii
287 1261 415 1318 castum
438 1260 539 1335 atque
562 1253 752 1337 legitimum
774 1253 984 1318 damnatione
1006 1254 1068 1317 viri

162 1360 330 1424 sublatum
345 1359 574 1439 arbitraretur,
586 1357 951 1442 Nicostratusquidam,
962 1358 1069 1423 fidelis

162 1465 331 1550 Oppianici
355 1464 518 1546 servulus,
539 1464 749 1549 percuriosus
772 1469 806 1529 et
824 1464 959 1529 minime
979 1485 1069 1528 men-

162 1573 240 1651 dax,
251 1571 489 1636 multadieitur
498 1571 632 1634 domino
646 1570 843 1653 renunciare
859 1569 974 1634 solitus
986 1589 1067 1649 esse.

160 1677 294 1744 Interea
318 1677 516 1762 Oppianicus
538 1671 644 1760 qu'um
665 1676 733 1740 iam
755 1675 996 1741 convalesceret
1015 1695 1070 1740 ne-

162 1805 226 1868 que
242 1783 485 1868 improbitatem
500 1782 607 1848 coloni
627 1782 664 1846 in
685 1781 826 1847 Falerno
842 1781 968 1846 diutius
983 1781 1069 1848 ferre
1114 1843 1118 1850 ,

162 1897 269 1975 posset
285 1896 319 1954 et
333 1889 403 1953 huc
415 1888 458 1952 ad
475 1889 593 1952 urbem
614 1889 779 1972 profectus
799 1895 936 1969 esset-
946 1888 1070 1954 solebat

161 1996 252 2061 enim
276 2001 371 2060 extra
393 2001 524 2079 portam
547 1992 674 2076 aliquid
701 1994 823 2058 habere
849 1994 1004 2058 conducti
1012 2031 1069 2076 -,

87 2111 91 2114 ’
162 2102 316 2166 cecidisse
333 2101 374 2165 de
389 2120 474 2184 equo
486 2100 614 2164 dicitur
628 2104 663 2162 et
682 2099 781 2163 homo
799 2098 929 2162 infirma
944 2100 1069 2163 valetu-

162 2207 238 2272 dine
254 2207 342 2271 latus
358 2206 530 2271 offendisse
544 2201 766 2285 vehementer,
781 2210 826 2284 et,
841 2210 1069 2288 posteaquam

162 2313 206 2378 ad
226 2314 344 2378 urbem
367 2333 445 2377 cum
467 2312 550 2376 febri
570 2311 711 2391 venerit,
729 2310 842 2395 paucis
865 2310 979 2374 diebus
1000 2329 1069 2374 esse

163 2426 325 2484 mortuus.
369 2417 485 2482 Mortis
500 2417 596 2498 ratio,
611 2416 748 2497 iudices,
764 2415 940 2480 eiusmodi
955 2421 1015 2495 est,
1030 2419 1070 2479 ut

162 2531 222 2591 aut
246 2525 329 2590 nihil
352 2524 472 2588 habeat
495 2523 688 2607 suspicionis
712 2527 783 2603 aut,
806 2521 833 2585 si
856 2521 937 2605 quid
958 2520 1068 2602 habet,

161 2633 197 2695 id
222 2633 312 2696 intra
335 2631 477 2715 parietes
502 2629 537 2692 in
560 2629 739 2694 domestico
765 2627 886 2692 scelere
905 2633 1066 2692 versetur.

163 2735 292 2800 LXIII.
328 2736 403 2802 176.
442 2735 522 2800 Post
551 2741 692 2798 mortem
721 2733 793 2798 eius
823 2733 931 2798 Sassia
959 2733 1068 2798 moliri

163 2843 276 2907 statim
292 2842 418 2906 nefaria
438 2841 560 2905 mulier
573 2840 680 2924 coepit
700 2839 836 2904 insidias
857 2839 945 2904 filio:
972 2859 1070 2923 quae·

163 2948 303 3013 stionem
326 2948 446 3012 habere
471 2947 512 3012 do
531 2946 595 3010 viri
618 2951 726 3010 morte
749 2947 932 3011 constituit.
978 2945 1069 3032 Emit

164 3053 204 3118 de
219 3054 261 3118 Α.
278 3051 425 3138 Rupilio,
440 3073 506 3136 quo
522 3058 594 3116 erat
607 3071 690 3115 usus
710 3051 909 3136 Oppianicus
929 3050 1068 3130 medico,

164 3157 353 3223 Stratonem
366 3158 556 3242 quemdam,
570 3157 666 3240 quasi
683 3162 724 3220 ut
738 3156 827 3220 idem
842 3155 965 3219 faceret
979 3153 1069 3236 quod

162 3263 308 3328 Habitus
318 3264 355 3327 in
366 3264 506 3328 emendo
516 3261 664 3345 Diogene
680 3261 810 3324 iecerat.
839 3257 889 3323 Do
904 3258 966 3322 hoc
983 3256 1070 3321 Stra-

162 3377 291 3436 toneat
311 3371 351 3434 de
367 3369 467 3433 Ascla
481 3367 625 3452 quodam
645 3387 738 3430 servo
762 3385 821 3428 suo
844 3363 1069 3447 quaesituram

162 3497 232 3541 esse
248 3477 344 3540 dixit.
382 3475 559 3539 Praeterea
574 3493 706 3538 servum
721 3454 821 3534 illum‘
832 3469 1069 3550 Nicostratum,

162 3603 262 3666 quem
278 3583 419 3646 nimium
434 3580 606 3666 loquacem
617 3578 718 3642 fuisso
733 3597 772 3642 ac
783 3576 924 3640 nimium
936 3574 1069 3640 domino
