2667 4034
376 344 447 387 car.
468 345 626 386 Lx.-1,x1.
667 330 700 397 ἐξ
725 331 888 388 las-171.
1044 331 1080 388 91

177 533 232 579 eos
247 519 409 579 :metuunt
432 520 491 578 aut
513 514 602 598 quod
622 514 775 580 oderunt.
823 514 898 582 170.
923 514 997 592 Quo
1012 522 1084 579 tau-

177 620 253 684 dem
268 620 371 703 igitur
385 619 530 684 Habitus
551 626 645 684 metu
665 621 829 684 adductus
852 627 983 685 tantum
998 621 1033 684 iu
1049 641 1082 685 se

176 725 305 789 facinus
329 725 493 809 suscipere
519 733 657 790 conatus
683 725 759 791 est?
793 726 873 809 quid
900 732 970 790 erat
994 727 1082 809 quod

176 833 244 897 iam
267 832 485 917 Oppianicum
508 852 614 916 poena
638 833 806 897 adfectum
830 854 888 917 pro
914 833 1083 898 maleficiis

177 944 212 1003 et
236 939 379 1003 eiectum
405 959 423 1003 e
449 939 581 1003 civitate
608 939 785 1022 quisquam
810 938 966 1004 timeret?
1002 940 1083 1023 quid

176 1043 369 1108 metuebat?
396 1065 439 1109 ne
461 1050 709 1130 oppugnaretur
725 1065 744 1109 a
758 1045 898 1129 perdito,
914 1066 956 1110 an
974 1066 1016 1110 ne
1033 1066 1083 1110 ae·
1139 1121 1142 1128 Ι

177 1155 350 1214 cusaretur
372 1168 392 1213 a
414 1149 580 1230 damnato,
607 1169 651 1214 au
677 1170 719 1215 ue
747 1151 871 1215 exsulis
896 1151 1083 1216 testimonio

176 1253 385 1320 laederetur?
420 1254 456 1319 Si
476 1262 589 1320 autem
610 1255 699 1339 quod
720 1256 835 1321 oderat
856 1256 1001 1321 Habitus
1022 1257 1083 1320 ini-

176 1363 313 1443 micum,
338 1362 461 1427 idcirco
489 1362 588 1426 illum
617 1363 687 1427 vita
716 1363 784 1426 frui
813 1362 932 1444 noluit,
959 1363 1083 1427 adeona

177 1474 250 1532 erat
276 1467 408 1548 stultus,
434 1473 475 1532 ut
500 1467 604 1548 illam,
628 1489 731 1552 quam
756 1474 831 1533 tum
860 1467 916 1532 ille
942 1469 1082 1550 vivebat,

177 1574 281 1665 vitam
303 1593 371 1638 esse
394 1574 621 1654 arbitraretur,
637 1574 797 1655 damnati,
812 1574 946 1655 exsulis,
963 1574 1083 1638 deserti

179 1679 220 1744 ab
231 1677 404 1745 omnibus?
424 1701 524 1763 quem
538 1686 672 1764 propter
683 1681 785 1744 animi
800 1681 1084 1765 importunitatem

178 1804 276 1850 nemo
297 1785 440 1870 recipere
462 1791 561 1867 tecto,
584 1806 682 1852 nemo
704 1787 807 1867 adire,
822 1807 919 1852 nemo
938 1786 1082 1870 adloqui,

178 1911 276 1956 nemo
294 1891 437 1975 aspicere
451 1890 575 1956 vellet?
620 1883 735 1956 Huius'
753 1893 857 1976 igitur
876 1893 962 1958 vitae
982 1892 1084 1956 Habi-

179 2002 234 2061 tus
256 1995 446 2061 iuvidebat?
492 1995 567 2062 171.
595 1997 699 2061 Hunc
722 1999 749 2061 si
771 1999 886 2062 acerbe
904 2004 938 2062 et
952 1999 1083 2082 penitus

179 2102 305 2183 oderat,
330 2123 397 2167 uon
425 2123 503 2167 eum
529 2122 631 2185 quam
657 2102 839 2166 diutissime
865 2103 973 2166 vivere
999 2103 1083 2166 velle

180 2207 341 2274 debebat?
364 2209 442 2273 huic
456 2215 597 2274 mortem
611 2209 801 2273 maturabat
815 2208 979 2287 inimicus,
995 2209 1084 2290 quod

178 2315 229 2378 illi
251 2335 357 2378 unum
378 2315 413 2378 in
436 2315 531 2380 malis
553 2321 625 2380 erat
650 2315 840 2400 perfugium
864 2312 1082 2379 calamitatis?

179 2420 238 2502 qui
254 2421 280 2483 si
295 2420 375 2502 quid
397 2421 500 2484 animi
521 2427 555 2486 et
576 2421 709 2485 virtutis
731 2421 910 2501 habuisset,
925 2425 964 2482 ut
986 2405 1085 2483 miilti

180 2544 275 2608 saepe
295 2524 395 2589 sortes
410 2525 473 2588 viri
492 2525 528 2589 iu
542 2526 613 2590 eius
628 2525 717 2590 modi
734 2524 856 2605 dolore,
868 2531 1008 2588 mortem
1024 2525 1085 2588 sibi

179 2630 248 2714 ipse
264 2631 456 2695 consuisset:
478 2631 556 2695 huic
567 2651 668 2714 quam
680 2630 721 2696 ob
732 2650 803 2695 rem
817 2630 852 2694 id
863 2631 963 2695 vellet
977 2631 1085 2695 inimi-

179 2756 239 2800 cus
255 2736 383 2816 offerre,
398 2735 487 2819 qued
505 2736 574 2820 ipse
589 2737 650 2800 sibi
665 2743 778 2820 optare
794 2736 952 2802 deberet?
998 2737 1084 2805 Nam

153 2898 164 2910 ,
179 2861 270 2905 nunc
285 2841 419 2924 quidem
434 2841 515 2924 quid
529 2841 665 2907 tandem
679 2842 730 2907 illi
747 2843 827 2907 mali
841 2865 930 2909 mors
945 2844 1082 2909 attulit?

179 2947 244 3010 nisi
258 2946 342 3011 forte
357 2946 476 3030 ineptis
491 2946 612 3012 fabulis
628 2948 793 3034 ducimur,
802 2954 842 3013 ut
858 2951 1084 3014 existimemus

178 3052 277 3136 illum
301 3052 389 3136 apud
411 3052 533 3117 inferos
555 3054 733 3138 impiorum
757 3054 917 3138 supplicia
940 3055 1083 3138 perferre
1110 3055 1111 3060 ’

179 3178 218 3243 ac
233 3157 344 3242 plures
365 3157 434 3221 illic
457 3157 629 3222 offendisse
652 3159 812 3238 inimicos,
827 3177 928 3240 quam
942 3159 996 3222 hic
1011 3158 1085 3223 reli-

179 3264 306 3346 quisse:
331 3283 352 3327 a
366 3283 490 3343 secruS,
505 3263 547 3326 ab
562 3284 718 3343 uxorum,
734 3283 754 3325 a
768 3262 890 3342 fratris,
906 3282 927 3326 a
942 3263 1084 3328 liberum

178 3370 291 3453 poenis
317 3376 430 3434 actum
457 3389 526 3434 esse
552 3369 764 3453 praecipitem
788 3368 823 3431 in
851 3368 1084 3433 sceleratorum

179 3475 290 3539 sedem
310 3495 348 3539 ac
365 3476 544 3558 regionem.
592 3474 686 3554 Quae
702 3474 729 3538 si
743 3473 825 3538 falsa
840 3480 929 3556 sunt,
944 3474 979 3537 id
994 3473 1083 3557 quod

179 3598 292 3644 omues
313 3581 518 3665 intelligrmt,
537 3578 620 3674 quid
642 3580 673 3644 ei
694 3579 829 3645 tandem
852 3580 973 3666 eripuit
994 3600 1082 3646 mors
