2667 4034
199 256 238 313 64
418 270 483 313 rno
504 269 536 312 ι.
557 269 721 313 censurio
745 269 875 318 caurio.

198 442 235 505 in
269 439 494 525 compluribus
531 439 600 504 iam
637 439 714 521 reis,
744 459 827 524 quos
864 443 981 522 contra
1015 437 1115 521 leges-

195 547 356 632 ‚pecunias
378 546 540 630 accepisse
567 545 791 630 subscriptum
813 550 874 625 est,
895 563 974 608 suae
997 544 1108 627 potius

200 653 351 736 religioni
387 672 489 737 quam
526 671 700 716 censorum
729 650 875 734 opinioni
909 654 1106 735 paruerrmt.

201 758 329 823 Deinde
351 765 516 842 praetores
537 757 669 835 urbani,
685 755 742 840 qui
765 755 867 819 iurati
890 755 1012 820 debent
1026 755 1109 839 opti-

201 885 295 928 mum
311 883 476 946 quemque
497 863 534 926 in
556 861 692 927 selectos
708 861 841 925 'iudices
862 861 995 942 referre,
1011 882 1109 925 num-
1154 899 1155 904 κ

202 989 303 1052 quam
332 968 394 1047 sibi
419 968 463 1032 ad
488 987 562 1032 eam
588 988 660 1031 rem
686 966 867 1031 censoriam
893 952 1109 1050 ignominiam

201 1074 436 1158 impedimento
447 1093 517 1138 csse
531 1079 682 1158 oportere
698 1072 878 1138 duxerunt.
924 1071 1000 1135 122.
1026 1072 1110 1136 Cen·

202 1199 291 1244 sores
321 1179 463 1263 denique
491 1178 554 1262 ipsi
592 1198 688 1262 saepe
724 1198 865 1242 numero
902 1179 1110 1261 superiorum

203 1305 376 1350 censorum
390 1284 533 1365 iudiciis,
548 1284 576 1348 si
590 1285 655 1348 ista
676 1283 802 1348 iudicia
816 1282 981 1367 appellare
996 1283 1110 1364 vultis,

203 1412 272 1455 non
295 1397 469 1457 steterunt.
514 1389 627 1472 Atque
650 1390 751 1454 etiam
774 1389 836 1474 ipsi
859 1389 948 1454 inter
977 1409 1011 1453 se
1038 1409 1112 1454 cen-

204 1517 293 1562 sores
315 1517 376 1561 sua
395 1495 519 1561 iudicia
539 1495 626 1560 tanti
648 1515 719 1560 esse
741 1494 956 1576 arbitrantur,
972 1500 1012 1558 ιιι
1027 1495 1112 1559 alter

204 1602 340 1666 alterius
369 1601 532 1665 iudicium
567 1620 636 1665 non
664 1600 763 1666 modo
792 1600 1022 1684 reprehendat,
1053 1601 1111 1666 sed

205 1693 306 1772 etiam
319 1707 484 1771 rescindat
496 1695 510 1770 τ’
528 1713 569 1770 ιιι
583 1706 669 1770 alter
683 1707 724 1774 de
740 1714 857 1782 senatu
872 1728 1004 1773 movere
1018 1708 1111 1789 velit,

205 1813 290 1877 alter
312 1813 452 1876 retineat
476 1817 510 1876 et
533 1812 648 1876 ordine
671 1811 871 1897 amplissimo
897 1813 1035 1897 dignum
1056 1833 1111 1878 ex-

204 1918 349 1982 istimet:
373 1923 413 1981 ut
443 1916 527 1981 alter
555 1916 592 1981 in
622 1918 765 1983 aerarios
794 1918 910 1982 referri
939 1924 999 1982 aut
1022 1918 1111 1983 tribu

205 2024 329 2089 moveri
351 2024 476 2104 iubeat,
492 2023 575 2088 alter
596 2029 696 2088 vetet.
743 2022 818 2101 Quo
839 2045 875 2089 re
898 2025 955 2108 qui
969 2025 1060 2089 vobis
1074 2025 1111 2090 in

205 2137 352 2195 mentem
380 2130 472 2194 venit
500 2129 582 2194 haee
616 2129 782 2214 appellare
812 2130 947 2212 iudicia,
977 2151 1061 2214 quae
1091 2151 1111 2196 a

205 2237 325 2322 populo
351 2235 502 2318 rescindi,
531 2235 572 2299 ab
601 2236 719 2300 iuratis
742 2236 907 2300 iudicibus
932 2237 1110 2321 repudiari,

205 2362 227 2406 a
248 2342 495 2426 magistratibus
521 2341 657 2425 negligi,
673 2342 713 2405 ab
736 2341 787 2423 iis,
806 2342 865 2425 qui
886 2343 1035 2406 eamdem
1057 2335 1111 2428 po

205 2455 358 2513 testatem
382 2448 492 2532 adepti
515 2453 605 2529 sunt,
628 2446 837 2529 commutari,
859 2447 947 2512 inter
970 2447 1111 2532 collegas

207 2555 391 2637 discrepare
413 2554 552 2618 videatis
565 2552 597 2617 l·

249 2658 375 2722 XLIV.
415 2657 490 2723 123.
513 2657 608 2751 ,Quae
638 2674 752 2742 quum
770 2660 819 2724 ita
845 2661 921 2752 sint,
941 2661 1112 2726 'videamus

205 2765 287 2855 quid
309 2765 444 2828 tandem
473 2785 623 2830 censores
650 2766 690 2831 de
720 2766 778 2831 illo
808 2767 931 2832 iudicio
957 2775 1112 2852 corrupto

204 2870 366 2935 iudicasse
381 2869 545 2934 dicantur.
588 2871 639 2936 Ac
653 2873 801 2956 primum
814 2872 900 2936 illud
915 2879 1112 2956 statuamus,

204 2983 322 3040 utrum
347 2975 427 3060 quia
451 2998 602 3043 censores
629 2979 890 3065 subscripserint,
912 2979 960 3044 ita
982 2980 1034 3061 sit,
1058 3000 1112 3062 an,

205 3083 284 3165 qnia
304 3083 353 3147 ita
374 3082 486 3166 luerit,
501 3083 552 3148 illi
567 3085 830 3170 subscripserint.
878 3084 913 3150 Si
933 3086 1018 3167 ideo,
1034 3087 1113 3169 quia

206 3189 467 3273 subscripserint,
494 3189 602 3289 videte
632 3189 713 3271 quid
737 3192 852 3272 agatis,
878 3212 921 3256 ne
944 3191 980 3255 in
1006 3209 1114 3256 unum

205 3316 369 3379 quemque
398 3302 549 3361 nostrum
579 3296 767 3360 censoribus
796 3297 833 3360 in
863 3304 1030 3383 posterum
1060 3321 1114 3384 po·

205 3407 358 3465 testatem
379 3401 505 3488 regiam
526 3401 743 3486 permittatis:
765 3422 807 3466 ne
829 3404 1022 3488 subscriptio
1041 3426 1115 3470 cen-

207 3506 294 3568 soria
317 3526 386 3569 non
415 3506 526 3569 miuus
552 3504 749 3570 calamitatis
775 3507 901 3572 civibus
926 3512 1115 3592 quam·illa
