2667 4034
262 287 307 368 '28
490 323 555 369 rao
575 322 607 367 a
628 322 792 369 cnumro
814 321 945 369 omre.

266 493 368 560 batur
390 493 501 559 nullos
523 493 635 575 fuisse,
659 492 718 559 sed
741 492 971 578 Oppianicum,
997 493 1093 561 errius
1117 483 1174 561 ille

266 600 418 668 minister
431 600 560 682 fuisset,
573 600 652 665 huic
673 600 940 665 inimicissimum
956 600 1057 665 fuisse
1073 607 1176 685 atquc

267 725 338 771 esse
360 706 500 771 dicebat.
546 705 607 771 Sin
627 711 742 771 autem
764 704 852 771 illud
876 726 1020 789 egeram,
1039 706 1176 773 nullum

267 813 311 877 nd
329 812 570 887 Scamandrum
588 818 694 878 morte
716 810 834 877 Habiti
847 818 1027 879 venturum
1049 813 1175 879 emolu-

266 925 419 984 mentum
431 917 546 1001 fuisse,
560 918 770 1000 concedebat,
785 918 843 985 sed
865 918 908 983 ad
922 938 1062 983 uxorem
1076 918 1175 1003 Oppi·
1233 983 1235 985 ,

268 1024 365 1105 unici,
388 1024 531 1089 hominis
553 1024 589 1089 in
612 1024 773 1090 uxoribus
802 1024 959 1095 necandis
989 1024 1174 1106 exercitati,

268 1131 379 1196 omnin
388 1130 476 1196 bona
485 1129 601 1196 Habiti
611 1136 753 1197 ventura
767 1130 1019 1197 firissedicebet.
1059 1128 1174 1209 Quum

266 1236 327 1302 illa
348 1236 535 1303 defensione
556 1258 639 1303 usus
660 1257 777 1319 essem,
793 1257 878 1321 quoe
893 1237 929 1303 in
942 1236 1175 1303 libertinonim

241 1391 244 1419 .
267 1344 376 1409 censis
397 1344 627 1411 honestissime
647 1365 777 1429 semper
799 1345 986 1411 existimata
1009 1349 1070 1425 est,
1097 1342 1175 1409 Sca-

241 1451 446 1517 'mendrom
467 1457 605 1536 petrono
626 1470 697 1517 esse
718 1450 906 1536 probatum,
922 1439 1099 1533 fetcbotnr,
1115 1450 1174 1515 sed

266 1556 446 1639 quaerebat
459 1558 514 1622 cui
535 1558 692 1641 probetne
714 1562 799 1623 esset
818 1556 887 1641 ipse
901 1546 1091 1641 petronna'
1117 1554 1173 1621 53.

268 1660 383 1739 Quum
411 1682 473 1746 ego
499 1662 652 1747 pluribus
681 1662 787 1728 verbis
815 1662 852 1728 in
881 1682 920 1729 eo
950 1670 1174 1727 commoratus

267 1786 383 1848 essem,
410 1766 741 1834 Scamandroiactas
762 1768 898 1835 insidias
920 1788 990 1835 csse
1012 1789 1070 1853 per
1095 1768 1174 1833 Dio-

267 1894 386 1957 genem
399 1875 682 1959 constitutumque
696 1876 784 1941 inter
803 1896 858 1942 eos
873 1876 938 1943 alie
952 1876 993 1941 do
1008 1858 1173 1959 re‘fuisse,

266 1985 308 2044 nt
335 1980 626 2063 medicamentum,
648 2003 717 2047 non
742 2002 908 2049 venenum
928 1982 1091 2068 Diogenes
1117 1982 1174 2047 ad-

266 2084 379 2167 ferret,
404 2087 468 2153 hoc
496 2088 602 2153 cuivis
629 2108 696 2153 usu
720 2088 834 2153 venire
862 2108 967 2172 posse,
993 2088 1173 2172 quaerebat

266 2192 464 2259 curiosius
483 2194 574 2259 modi
594 2193 719 2275 locum
732 2201 803 2259 tum
818 2194 980 2275 abditum,
996 2215 1056 2260 cur
1070 2194 1172 2274 solue,

265 2318 328 2364 cnr
356 2299 528 2383 obsignata
560 2300 702 2383 pecunie
730 2300 883 2365 venisset.
928 2300 1080 2384 Denique
1108 2300 1173 2368 hoc

264 2403 339 2470 loco
358 2424 458 2470 causa
479 2405 617 2472 testibus
638 2405 877 2471 honestissimis
898 2405 1086 2471 hominibus
1101 2426 1173 2490 pre
1246 2409 1255 2417 “

265 2512 429 2577 mebotnr.
474 2511 522 2577 M.
552 2512 696 2577 Baebius
726 2511 767 2577 de
798 2532 858 2577 suo
884 2512 1025 2578 ‘consilio
1053 2512 1172 2595 Dioge-

266 2636 344 2682 nem
369 2624 530 2702 emptum,
559 2638 594 2709 se
623 2624 793 2703 praesente
824 2616 1065 2683 Scamandrum
1093 2637 1172 2688 cum

265 2740 394 2786 veneno
422 2723 626 2806 pecuniaque
656 2724 896 2807 deprehensum
927 2743 997 2791 esse
1030 2722 1170 2791 dicebat.

265 2825 306 2890 P.
338 2825 540 2904 Quinctilius
569 2827 693 2911 Varus,
722 2830 822 2896 homo
852 2849 983 2897 summa
1013 2828 1171 2912 religiono

266 2936 301 2995 et
335 2948 465 2995 summu
499 2934 696 2999 auctoritate
736 2935 916 3019 praeditus,
954 2934 995 2999 de
1031 2932 1172 3015 insidiis,

265 3056 351 3120 quoe
372 3036 491 3102 fierent
514 3037 651 3121 Habito,
674 3040 770 3105 etde
797 3040 1026 3106 sollicitatione
1052 3038 1172 3123 Dlogc-

265 3142 458 3209 nis‘recenti
478 3164 515 3209 re
534 3165 648 3210 secum
669 3144 911 3229 Cleophantum
931 3145 1082 3211 locutum
1100 3166 1171 3213 osse
1256 3188 1263 3203 ·

265 3249 405 3314 dicebat.
450 3250 505 3328 54.
528 3252 640 3335 Atque
670 3252 706 3315 in
731 3252 789 3317 illo
815 3252 940 3317 iudicio
965 3272 1071 3335 quum
1095 3250 1172 3315 Sco-

264 3354 443 3419 mandrum
468 3376 528 3421 noe
557 3356 733 3421 defendere
762 3358 963 3439 videremur,
985 3357 1084 3425 verbo
1113 3356 1170 3421 illc

265 3479 342 3521 reus
364 3467 446 3539 crat,
461 3480 498 3523 re
517 3462 653 3544 quidem
672 3482 751 3525 vera
771 3468 804 3527 et
823 3462 970 3546 periculo
990 3468 1061 3527 tota
1074 3466 1170 3527 accu-

265 3562 390 3626 satione
416 3564 626 3648 Oppianicus.
672 3565 787 3649 Neque
816 3567 852 3631 id
881 3567 1019 3635 obscure
1045 3567 1172 3633 ferebat
