2667 4034
359 385 362 389 A
386 338 459 383 oar.
480 338 650 383 rme-xx.
691 323 723 393 §t
738 322 866 383 oa-tt.
1039 326 1078 385 29

168 525 234 575 nec
259 506 467 574 dissimulare
492 508 564 573 ullo
589 509 688 575 modo
710 516 859 595 poterat:
884 510 999 577 aderat
1018 511 1079 578 fre-

168 635 288 699 quens,
303 613 496 693 advocabat,
514 614 605 679 omni
627 615 738 681 studio
761 615 932 701 gratiaque
955 636 1078 702 pugna·

168 720 247 785 batt
270 726 446 805 postremo,
460 719 497 784 id
511 719 601 803 quod
621 721 768 787 maximo
787 722 876 788 malo
894 722 945 787 illi
959 742 1078 790 causae

168 825 324 908 fnit,hoc
338 826 458 911 ipsein
480 824 564 907 loco,
579 826 675 910 quasi
696 846 774 893 reus
793 828 862 913 ipse
877 834 973 910 esset,
988 824 1077 896 sade·

168 931 237 995 bat.
268 931 365 997 Oculi
375 932 527 997 omnium
537 931 690 997 iudicum
699 933 811 999 nonin
824 932 1076 1019 Scamandrum,

169 1037 290 1103 sedin
315 1037 534 1123 Oppianicum
563 1038 844 1105 coniiciebuntur:
868 1040 968 1106 timor
993 1042 1076 1125 eius,

168 1144 385 1229 perturbatio,
400 1164 578 1230 suspensus
594 1144 807 1229 incertusque
821 1146 947 1228 vultus,
961 1148 1076 1215 crebra

169 1249 288 1316 coloris
302 1251 455 1333 mutatio,
469 1272 555 1336 quae
570 1257 666 1317 erant
680 1258 779 1317 antea
792 1254 980 1337 euspicium,
995 1256 1076 1322 haec

168 1362 284 1442 aperta
304 1363 339 1423 et
360 1356 536 1423 manifesta
556 1357 731 1442 faciebant.
777 1356 859 1423 XX.
883 1358 938 1425 55.
962 1359 1076 1439 Quum

168 1464 206 1529 in
231 1464 407 1530 eonsilium
430 1464 473 1529 iri
498 1470 675 1551 oporteret,
698 1464 862 1549 quaesivit
887 1466 929 1531 ab
952 1486 1009 1533 roo
1036 1468 1074 1533 O.

168 1568 288 1636 Iunius
302 1571 470 1657 quaesitor
487 1591 530 1637 ex
551 1571 625 1657 lege
645 1572 706 1637 illa
721 1571 987 1659 Oornelia‚·quae
1001 1580 1076 1640 tum

168 1682 252 1760 erat,
266 1676 352 1742 clam
366 1696 409 1743 an
424 1677 535 1764 palam
552 1678 594 1743 da
610 1696 645 1744 se
659 1678 856 1745 sententiam
870 1678 949 1745 farri
962 1680 1073 1747 vellet.

168 1782 220 1850 De
245 1785 415 1871 Oppianici
442 1786 607 1851 sententia
631 1806 826 1872 responsum
848 1794 910 1871 est,
931 1788 1021 1872 quod
1046 1788 1075 1855 is

167 1890 284 1957 Habiti
297 1892 495 1958 familiarem
508 1892 729 1959 Iuniumesse
741 1892 877 1974 dicebat,
889 1894 975 1959 clam
989 1892 1075 1961 velle

168 1995 255 2062 ferri.
298 1997 391 2063 Itum
410 2005 461 2063 est
480 1998 517 2063 in
539 1999 725 2064 eonsilium.
771 1999 931 2065 Omnibus
946 2008 1075 2066 senten·
1157 2044 1159 2051 -

167 2102 223 2167 tiis
236 2110 367 2188 praeter
380 2122 494 2185 unam,
506 2124 608 2188 quam
623 2124 719 2169 snam
735 2103 890 2169 Staienus
904 2124 974 2170 erse
990 2106 1076 2171 dice·

167 2208 236 2289 bat,
252 2207 454 2276 Scamander
474 2209 583 2295 prima
603 2210 733 2275 nodone
755 2209 995 2275 condemnatus
1012 2218 1072 2300 est

164 2312 251 2393 Quis
269 2320 345 2380 tum
364 2321 437 2381 erat
455 2316 607 2381 omnium
625 2316 684 2401 qui
707 2314 909 2382 Scamandro
923 2316 1075 2383 condem·

166 2426 247 2484 nato
267 2440 336 2487 non
356 2420 520 2489 iudicium
541 2421 583 2487 de
598 2421 777 2506 Oppianico
799 2404 925 2487 facttum
940 2442 1009 2489 esse
1024 2440 1075 2488 ar·

166 2525 373 2592 bitraraturi
394 2527 477 2611 quid
496 2533 547 2593 ast
566 2527 626 2591 illa
646 2527 858 2593 damnatione
878 2527 1074 2613 iudicatum,

165 2631 232 2697 nisi
246 2651 411 2698 venenum
424 2632 472 2715 id,
483 2634 574 2719 quod
588 2632 713 2698 Habito
729 2632 876 2717 daretur,
892 2654 961 2700 csse
976 2656 1074 2720 quae-

165 2739 296 2805 situm?
341 2739 435 2823 Quae
457 2762 554 2827 porro
575 2741 771 2807 tenuissima
791 2741 933 2829 suspicio
954 2744 1075 2811 collata

165 2846 204 2909 in
219 2844 460 2912 Scamandrum
474 2853 525 2913 est
542 2854 602 2912 aut
621 2846 763 2923 conferri
780 2850 901 2935 potuit,
916 2857 956 2915 ut
970 2852 998 2916 is
1014 2872 1075 2917 sua

165 2958 282 3036 sponte
297 2972 415 3019 necare
427 2952 571 3019 voluisse
585 2953 750 3019 Habitum
764 2956 963 3041 putaretur?

210 3056 265 3123 bd.
288 3059 401 3144 Atque
411 3059 475 3125 hoc
485 3067 560 3125 tum
569 3060 695 3127 iudicio
705 3062 792 3127 facto
804 3069 838 3129 et
849 3063 1074 3149 Oppianicoro

164 3170 202 3231 et
215 3165 457 3232 existimatione
472 3166 550 3248 im,
565 3166 639 3253 lege
654 3175 689 3234 et
708 3168 979 3255 pronunciatione
994 3187 1074 3231 non-

164 3268 249 3333 dum
278 3272 508 3354 condemnato,
537 3278 650 3338 tamen
681 3273 826 3338 Habitus
856 3271 1074 3356 Oppianicum
1174 3331 1177 3337 .

157 3395 263 3439 reum
278 3377 390 3441 statim
404 3398 472 3443 non
485 3378 574 3444 fecit.
615 3378 734 3443 Voluit
749 3398 943 3462 cognoscere
958 3384 1074 3443 utrum
1108 3465 1111 3472 Ι

162 3480 292 3545 iudices
306 3481 343 3546 in
364 3502 420 3547 eos
442 3484 528 3549 solos
548 3489 659 3551 essent
680 3483 796 3563 severi,
811 3504 893 3567 quos
907 3502 1074 3549 venenum

162 3587 319 3653 habuisse
329 3588 417 3675 ipsos
427 3589 673 3674 comperissent,
685 3607 728 3653 an
740 3588 840 3653 etiam
852 3588 1073 3674 consiliacon-

473 3695 494 3758 3
505 3694 524 3728 Ι
