2667 4034
355 321 426 365 car.
446 320 668 366 xxm-nun
710 306 741 372 ἐξ
763 304 889 363 59-63.
1037 307 1076 365 33

170 490 270 556 iilum
289 496 459 575 expertem
480 490 552 556 eius
574 490 703 555 consilii
724 491 825 557 fuisse
842 513 909 558 non
923 492 1079 578 probaba-

171 604 240 663 tur.
287 596 323 662 Si
337 596 442 681 igitur
455 596 567 682 ipsum
587 597 809 681 Oppianicum
830 598 881 663 bis
904 600 972 665 suis
993 600 1078 665 iudi·

171 704 233 769 ciis
246 702 505 768 condemnatum
523 703 747 785 absolvissent,
763 704 837 787 quis
858 710 987 769 tantam
1009 713 1078 770 tur-

172 808 359 895 pitudinem
369 808 582 891 iudiciorum,
593 810 669 893 quia
679 816 808 874 tentam
822 810 1078 895 inconstantiam
1130 878 1137 891 ,
1165 818 1167 823 ’

171 936 286 979 mrum
307 897 543 996 iudicatarum,
557 915 633 999 quia
655 921 784 979 tantam
805 915 978 983 libidinem
992 918 1077 983 iudi·

131 1054 138 1067 ·
171 1040 251 1087 cum
264 1020 351 1085 ferre
371 1020 555 1106 potuisset?

185 1181 187 1184 .
215 1126 269 1190 62.
294 1126 393 1205 Quod
416 1127 444 1191 si
465 1126 529 1192 hoc
541 1127 673 1210 videtis,
696 1126 785 1213 quod
809 1129 878 1193 iam
900 1130 963 1195 hac
987 1127 1077 1195 omni

170 1232 319 1298 oratione
344 1233 548 1318 patefactum
573 1239 633 1317 est,
652 1230 712 1299 illo
737 1233 862 1300 iudicio
882 1255 978 1301 reum
1003 1254 1078 1300 eon-

140 1375 141 1378 *
171 1340 334 1422 demnari,
347 1342 542 1425 praesertim
556 1341 597 1404 ab
611 1340 729 1405 iisdem
744 1340 921 1422 iudicibus,
936 1340 994 1425 qui
1011 1342 1077 1406 duo

170 1446 377 1529 praeiudicia
390 1446 556 1528 fecissent,
570 1466 702 1511 necesse
724 1444 845 1511 inisse:
870 1446 970 1511 simul
992 1446 1078 1510 illud

170 1552 312 1617 videatis
341 1574 474 1619 neeesse
512 1552 734 1635 est,'nullem
771 1553 971 1619 accusatoris
1007 1572 1079 1618 esse

171 1678 307 1723 causam
320 1659 466 1743 potuisse
481 1680 542 1725 cur
556 1660 719 1724 iudicium
731 1659 833 1724 vellet
855 1678 1078 1744 corrumpere·

170 1762 306 1829 XXIII.
332 1764 463 1842 Quaero
478 1766 567 1830 enim
581 1765 639 1830 abe
653 1769 698 1847 te,
710 1766 750 1830 Τ.
767 1766 860 1847 Acci,
871 1766 994 1831 relictis
1008 1766 1077 1831 iam

171 1872 308 1937 caeteris
324 1873 529 1957 argumentis
544 1874 708 1954 omnibus,
720 1894 803 1937 num
817 1873 984 1938 Fabricios
998 1893 1076 1957 quo-

170 1998 237 2062 que
245 1978 437 2043 innocentes
446 1978 680 2044 condemnatos
692 1979 871 2060 existimes,
881 1999 964 2043 num
975 1980 1076 2043 etiam

169 2082 229 2147 illa
242 2084 368 2148 iudicia
380 2084 523 2168 pecunia
537 2090 693 2169 conupta
707 2104 776 2149 esse
793 2084 894 2165 dieas,
905 2085 1026 2167 quibus
1040 2082 1077 2149 in

169 2177 303 2254 iudiciIa
325 2188 410 2253 alter
432 2209 452 2253 a
475 2188 610 2255 Staieno
634 2188 703 2254 solo
727 2186 897 2253 absolutus
917 2194 977 2268 est,
994 2188 1077 2252 alter

170 2295 273 2360 etiam
301 2295 370 2380 ipse
396 2316 431 2361 se
457 2296 711 2361 condemnavit·
745 2294 829 2379 Age,
857 2294 884 2357 si
910 2299 1076 2375 nocentes,

171 2402 269 2467 cuiue
303 2402 484 2467 maleficii?
521 2424 605 2468 num
633 2402 715 2486 quid
751 2408 883 2485 praeter
911 2420 1077 2466 venenum

169 2511 371 2593 quaesitum,
382 2532 449 2594 quo
459 2509 605 2575 Habitu·
620 2514 807 2590 noceretur,
823 2507 990 2573 obIeotum
1002 2506 1076 2572 esti

169 2639 253 2682 num
282 2617 364 2701 quid
393 2616 487 2681 aliud
516 2618 552 2681 in
581 2616 649 2681 illis
664 2616 808 2681 iudiciis
834 2621 1002 2681 versatum
1028 2621 1078 2680 est
1119 2620 1121 2625 '

169 2731 300 2807 praeter
320 2723 418 2788 haece
439 2723 577 2787 insidias
599 2722 724 2787 Habito
747 2722 787 2787 ab
814 2722 993 2807 Oppianico
1019 2739 1078 2807 per
1168 2762 1171 2767 .

168 2828 338 2895 Febn‘cios
362 2828 492 2894 iactae?
546 2828 650 2910 Nihil,
675 2828 771 2910 nihil,
796 2830 945 2913 iuquam,
972 2830 1077 2911 aliud,

168 2934 308 3017 iudices,
322 2934 502 3020 reperietis.
548 2934 667 2999 Iixetat
690 2936 866 3001 memoria:
892 2942 970 3001 sunt
984 2936 1077 2999 tebu-

168 3038 221 3104 loe
244 3039 417 3124 publicae:
441 3040 605 3124 redargue
630 3061 696 3122 me,
712 3041 740 3104 si
755 3041 917 3105 mentior:
941 3041 1077 3104 testium

169 3144 260 3209 dicta
273 3145 395 3211 recita:
413 3147 494 3211 doce
504 3146 541 3211 in
554 3145 692 3212 illorum
706 3147 839 3211 iudiciis
850 3145 933 3229 quid
948 3152 1078 3229 praeter

169 3250 234 3315 hoe
259 3270 427 3320 venenum
452 3252 624 3337 Oppianici
648 3274 717 3319 non
741 3252 840 3317 modo
859 3251 896 3314 in
919 3250 1077 3333 criminis,

170 3356 280 3422 sedin
301 3358 388 3423 male
403 3358 484 3423 dicti
505 3358 579 3423 loco
601 3359 645 3423 eit
665 3358 842 3423 obiectum.
891 3356 943 3420 63.
968 3355 1078 3421 Multa
1174 3352 1176 3355 ’

169 3461 237 3526 dici
251 3469 391 3547 possunt
404 3485 473 3548 qua
486 3484 523 3535 re
537 3464 586 3528 ita
599 3482 731 3528 necesse
742 3461 845 3527 fuerit
859 3461 1010 3540 iudicari,
1020 3462 1078 3527 sed

167 3568 661 3654 egoaccurramexapectationi
671 3574 812 3649 vestroe,
823 3567 960 3631 iudices.
991 3565 1078 3632 Nam
