2667 4034
410 357 478 399 cnr.
502 359 660 398 nin-uri.
704 343 734 409 {3
754 343 914 401 lta-155.
1076 347 1114 404 83

208 531 266 594 dos
281 529 428 619 conferre
442 529 641 594 voluissent:
675 550 744 594 sese
766 531 898 614 vidisse,
920 533 956 596 in
983 553 1022 598 ea
1047 534 1116 597 vita
1196 533 1200 540 '

206 636 314 719 qualis
337 635 491 720 splendor
514 637 646 716 inesset,
662 643 788 719 quanta
810 646 1014 719 ornamenta,
1031 659 1114 722 quac

104 806 109 814 ,
206 742 371 825 dignitas:
403 762 488 824 quae
514 762 548 806 se
570 763 638 805 non
661 743 904 826 contempsisse,
921 743 978 808 sed
1001 745 1114 808 ordino

207 869 266 912 suo
289 853 486 932 patrumque
509 869 647 911 suorum
662 854 832 913 contentos
847 849 948 913 fuisse
964 858 998 913 et
1011 851 1113 914 vitam

206 952 298 1016 illam
312 952 527 1036 tranquillam
542 958 575 1016 et
586 953 744 1036 quietam,
754 937 915 1018 remotum
930 974 950 1018 a
964 953 1113 1038 procellis

204 1057 408 1122 invidiarum
437 1064 471 1122 et
500 1058 639 1122 huiusce
670 1058 759 1123 modi
790 1059 992 1124 iudiciorum
1021 1061 1113 1142 sequi

205 1163 381 1227 maluisse:
421 1161 496 1227 154.
532 1169 592 1227 aut
622 1163 683 1227 sibi
715 1163 757 1227 ad
786 1164 926 1229 honores
956 1164 1113 1248 petendos

206 1274 345 1333 aetatem
366 1269 530 1352 integram
545 1269 677 1334 restitui
692 1276 853 1353 oportere,
870 1277 940 1350 aut,
956 1271 1113 1353 quoniam

204 1375 240 1438 id
262 1397 330 1440 non
351 1382 470 1459 posset,
492 1396 567 1440 eam
589 1375 817 1440 condicionem
836 1376 934 1456 ritae,
950 1397 1051 1458 quam
1067 1397 1113 1439 se-

205 1482 275 1545 cuti
301 1481 494 1565 petitionem
519 1481 741 1564 reliquissent,
768 1501 922 1545 manere:
958 1481 1112 1563 iniquum

204 1607 274 1651 esse
304 1609 370 1668 eos,
394 1587 452 1670 qui
482 1576 647 1651 honorum
677 1593 870 1651 ornamenta
898 1593 1031 1672 propter
1060 1607 1112 1670 pe-

168 1769 170 1771 ,
203 1693 387 1756 riculorum
404 1693 656 1756 multitudinem
680 1693 983 1776 praetermisissent,
998 1693 1112 1776 populi

153 1872 159 1882 ¹
203 1797 370 1861 beneficiis
388 1817 457 1861 csse
481 1798 636 1882 privatos,
651 1798 853 1862 iudiciorum
875 1820 1036 1864 novorum
1058 1819 1111 1883 po-

203 1903 317 1967 riculis
346 1925 414 1967 non
444 1924 574 1967 carere:
616 1911 798 1968 senatorem
827 1905 889 1968 hoc
919 1905 1013 1988 queri
1044 1927 1110 1969 non

203 2030 320 2100 posse,
338 1992 510 2094 propterea
538 2010 628 2093 quod
659 2031 698 2074 ea
727 2010 916 2074 condicione
946 2012 1111 2094 proposita

202 2123 314 2199 petere
337 2117 506 2200 coepisset,
522 2115 677 2200 quodque
699 2115 864 2199 permulta
887 2123 995 2179 essent
1017 2137 1110 2179 orna-

203 2228 326 2302 menta,
351 2222 471 2305 quibus
499 2243 573 2286 eam
602 2223 754 2304 mitigare
781 2220 966 2285 molestiam
991 2224 1109 2305 posset,

201 2324 306 2407 locus,
333 2326 524 2407 auetoritaS,
552 2327 640 2390 domi
671 2326 835 2411 splendor,
862 2325 951 2409 apud
981 2333 1110 2390 exteras

202 2433 352 2497 nationes
378 2453 499 2496 nornen
525 2438 559 2496 et
585 2433 704 2515 gratia,
727 2438 804 2515 toga
826 2437 1008 2516 praetexta,
1030 2432 1109 2496 sella

202 2538 339 2619 curulis,
361 2535 514 2621 insignia,
539 2537 653 2617 fasceS,
677 2537 854 2617 exercitus,
874 2537 1023 2621 imperia,
1038 2559 1110 2622 pre

201 2644 350 2708 vinciae:
385 2644 506 2727 quibus
535 2644 571 2707 in
601 2643 700 2707 rebus
726 2664 831 2726 quum
861 2625 991 2708 summa
1020 2651 1108 2710 reete

201 2749 297 2813 factis
311 2750 451 2815 maiores
467 2749 571 2814 nostri
586 2749 732 2833 praemia
753 2753 826 2813 tum
848 2749 946 2836 plura
967 2752 1108 2835 peccatis

201 2855 349 2940 pericula
370 2856 539 2940 proposita·
559 2875 628 2919 esse
650 2854 839 2919 voluerunt.
886 2856 941 2920 Illi
964 2879 1032 2922 non
1046 2858 1108 2923 hoc

201 2957 408 3043 recusabant,
430 2982 473 3025 ne
497 2981 536 3024 ea
562 2962 634 3044 lege
659 2968 906 3042 accusarentur,
929 2983 996 3045 qua
1019 2983 1108 3026 nune

201 3065 346 3131 Habitus
375 3074 561 3148 accusatur,
589 3088 674 3151 quae
701 3074 782 3132 tunc
808 3073 880 3132 erat
904 3065 1107 3150 Sempronia,

200 3193 291 3237 nuno
315 3179 365 3237 est
390 3173 560 3239 Cornelia:
596 3171 826 3257 intelligebant
856 3171 945 3234 enim
972 3191 1011 3235 ea
1035 3171 1107 3254 lege

200 3285 386 3362 equestrem
413 3280 563 3345 ordinem
590 3300 656 3343 non
683 3277 798 3358 teneri,
814 3277 871 3340 sed
893 3297 936 3340 ne
958 3277 1108 3341 novale

200 3405 240 3468 ge
257 3384 483 3469 adligarentur
496 3385 702 3448 laborabant.
736 3382 810 3447 155.
830 3382 975 3447 Habitus
990 3404 1032 3448 ne
1046 3383 1107 3446 hoc
1129 3411 1130 3414 ¹

199 3492 336 3575 quidem
351 3511 510 3574 umquam
526 3490 702 3570 recusavit,
714 3510 779 3573 quo
794 3491 905 3553 minus
915 3489 1023 3568 velea
1036 3488 1107 3572 lege

199 3599 363 3665 rationem
377 3597 464 3660 vitae
480 3615 558 3660 suae
573 3595 736 3678 redderet,
752 3615 819 3679 qua
841 3616 907 3661 nou
927 3602 1105 3661 teneretur.
