2667 4034
265 261 305 318 58
485 276 549 320 rso
570 276 602 319 1.
624 276 789 320 1111111111
812 276 944 319 111111.

265 452 337 513 erat
372 445 499 527 odium,
535 445 572 511 di
606 445 834 513 immortales!
873 466 957 531 quae
995 450 1170 533 superbia!

264 558 390 636 quanta
415 552 602 637 ignorantia
627 551 698 618 sui!
729 572 831 635 quam
860 552 970 637 gravis
996 560 1097 637 atque
1123 556 1172 621 in-

264 657 444 723 tolerabilis
480 656 697 742 adrogantia!
736 658 796 741 qui
836 657 922 723 illud
957 659 1025 723 iam
1061 661 1171 747 ipsum

264 764 380 830 acerbe
394 762 522 855 tulerit,
536 784 579 829 ex
601 784 668 847 quo
689 764 748 829 ille
769 771 849 829 nata
870 770 950 829 sunt
965 768 1083 831 omnia
1105 790 1172 833 non

265 868 393 935 sibiae
421 868 603 935 defensioni
626 889 707 935 suae
733 870 956 935 condonatum
982 891 1051 937 esse
1076 872 1172 957 Oppi-

151 1023 154 1027 <
265 974 417 1041 anirum:
440 975 579 1060 proinde
600 975 697 1059 quasi
722 996 790 1043 nou
812 977 894 1042 satis
915 977 1001 1061 signi
1023 998 1093 1045 esse
1118 979 1172 1045 de-

263 1080 375 1148 buerit
396 1081 437 1145 ab
458 1081 614 1147 omnibus
635 1102 715 1147 eum
736 1082 837 1149 fuisse
862 1083 1041 1166 desertum,
1056 1086 1115 1168 qui
1137 1106 1171 1150 11
1242 1092 1244 1103 “

264 1186 309 1253 ad
330 1193 507 1272 patronum
527 1187 626 1257 illum
646 1188 852 1255 contulisset.
898 1189 980 1255 Erat
1002 1190 1090 1255 enim
1108 1190 1173 1255 Ro

264 1314 338 1360 mae
366 1314 499 1360 summa
526 1294 621 1380 copia
649 1301 876 1380 patronorum,
905 1296 1079 1363 homiuum
1108 1296 1172 1365 elo

264 1402 557 1485 quentissimorum
583 1408 683 1485 atque
714 1402 1002 1487 amplissimorum,
1028 1424 1172 1485 quorum

265 1513 353 1573 certe
380 1506 499 1591 uliquis
520 1507 718 1573 defendisset
744 1508 890 1591 equitem
915 1506 1115 1589 Romanum,
1134 1507 1171 1573 in

264 1612 445 1696 municipio
468 1634 530 1677 suo
549 1613 707 1695 nobilem,
723 1613 751 1677 si
774 1613 909 1679 honeste
934 1618 1082 1698 putasset
1099 1613 1171 1679 eius

265 1717 355 1783 modi
379 1738 514 1783 eausam
542 1740 636 1804 posse
662 1718 805 1784 defendi.
866 1718 941 1783 XL.
985 1717 1060 1785 110.
1084 1718 1172 1797 Nam

267 1823 442 1901 Quinctius
463 1824 598 1908 quidem
618 1846 721 1909 quam
743 1846 879 1891 oausam
899 1846 1060 1909 umquam
1073 1831 1172 1890 autea

265 1930 407 2012 dixerat,
437 1951 543 2015 quum
579 1951 682 1997 11111
721 1931 764 1995 ad
796 1931 1038 2017 quinquaginta
1073 1937 1171 1995 natus

266 2035 376 2102 essetf
399 2037 567 2121 quiscum
588 2058 751 2121 umquam
772 2057 840 2103 nou
861 2037 959 2102 modo
979 2036 1015 2101 in
1028 2036 1171 2120 patroni,

265 2143 374 2229 sedin
394 2143 579 2209 laudatoris
600 2149 661 2209 aut
683 2143 833 2209 advocati
850 2142 921 2207 loco
934 2140 1089 2206 viderat?
1111 2142 1171 2231 qui

264 2252 355 2336 quod
370 2250 488 2317 Rostra
501 2250 571 2315 iam
592 2250 652 2315 diu
665 2269 773 2315 vacua
794 2248 970 2333 locumque
986 2247 1083 2313 illum
1098 2254 1171 2336 post

265 2357 446 2422 adventum
462 2354 502 2421 L.
527 2354 640 2421 Sullae
660 2375 683 2421 a
704 2354 882 2421 tribunicia
902 2374 981 2420 voce
1003 2354 1172 2419 desertum

263 2445 480 2548 oppresserat,
494 2462 810 2546 multitudinemque
831 2460 1055 2525 desuefactam
1068 2460 1136 2524 iam
1151 2480 1172 2524 a

264 2569 472 2633 contionibus
498 2568 541 2632 ad
565 2568 685 2633 veteris
711 2566 959 2632 consuetudinis
985 2565 1172 2631 similitudi-

260 2694 343 2740 nem
364 2680 544 2755 revoearat‚
564 2674 687 2740 idcirco
710 2673 844 2739 cuidam
865 2672 1038 2737 hominum
1059 2672 1172 2757 generi

264 2778 443 2864 paullisper
457 2778 635 2844 iucundior
649 2780 725 2845 fuit.
771 2768 882 2863 Atque
897 2778 987 2843 idem
1001 2784 1126 2863 quanto
1135 2778 1172 2841 in
1210 2829 1212 2833 ,

265 2883 341 2949 odio
352 2891 465 2969 postea
475 2884 545 2948 suis
554 2883 621 2949 illis
632 2885 711 2969 ipsis
722 2884 798 2967 fuit,
809 2904 868 2970 per
879 2904 962 2968 quos
973 2884 1010 2947 11
1021 2883 1172 2948 altiorem

264 2990 377 3057 locum
397 2989 607 3057 ascenderat!
639 2990 757 3075 Neque
777 2990 912 3057 iniuria.
959 2988 1035 3055 111.
1058 2989 1172 3055 Facite

264 3098 354 3163 enim
375 3104 505 3163 utnon
527 3096 635 3163 solum
655 3118 764 3163 mores
785 3103 820 3162 et
841 3095 1070 3181 adrogantiam
1088 3096 1172 3176 eius,

265 3203 449 3269 sedetiam
471 3202 604 3267 vultum
626 3208 727 3285 atque
757 3202 918 3267 amictum
947 3207 1047 3285 atque
1071 3202 1173 3266 etiam

263 3309 356 3373 illam
369 3330 475 3393 usque
497 3309 541 3373 ad
562 3308 646 3373 talos
669 3308 845 3373 demissam
867 3328 1051 3395 purpuram
1066 3328 1173 3373 reeor-

264 3414 399 3479 demiui.
445 3413 490 3496 Is,
505 3414 599 3497 quasi
613 3434 682 3478 non
697 3419 783 3479 esset
797 3412 867 3478 ullo
882 3413 981 3479 modo
996 3413 1172 3479 ferendum

236 3598 244 3614 ο
265 3538 299 3585 se
313 3539 356 3583 ex
377 3517 501 3583 iudicio
523 3518 706 3585 discessisse
727 3519 866 3605 victum,
882 3540 953 3585 rem
973 3518 1173 3612 asabselliis
