2667 4034
233 288 292 345 102
460 303 525 346 ruo
546 303 577 346 A.
598 303 762 347 crumrro
785 302 916 346 curro.

145 491 151 503 ·
230 471 455 558 spectaculum
475 473 582 568 huius
598 473 746 539 sordium
764 479 863 557 atquo
877 473 989 538 luctus
1004 479 1038 540 et
1052 472 1138 538 tanti

140 571 144 577 ’
230 579 390 661 squaloris
401 579 578 643 amitteret.
612 577 776 648 LXVIII.
797 578 1059 664 Iamvcroquod
1073 579 1139 644 iter

229 682 371 748 Romam
382 684 453 749 eius
464 684 613 748 mulieris
624 684 725 747 fuisse
740 683 959 748 existimatis?
975 684 1065 766 quod
1076 704 1137 767 ego

215 796 362 874 propter
371 788 805 872 vicinitatemAquinctium
816 795 850 853 ct
858 789 1138 854 Fabraternorum

101 928 105 935 ·
229 917 271 961 ex
291 897 405 960 multis
427 896 541 959 audivi
563 902 597 960 ct
619 895 782 980 comperi:
808 917 891 978 quos
907 916 1086 961 concursus
1100 895 1137 960 in

228 1002 280 1066 his
304 999 456 1086 oppidis?
488 1008 630 1084 quantos
656 1006 691 1065 ct
715 1001 865 1066 virorum
893 1008 928 1068 et
956 1002 1137 1066 mulierum

228 1108 370 1191 gemitus
391 1127 462 1173 esse
482 1105 612 1172 iactos?
644 1106 821 1172 mulierem
843 1107 1024 1190 quamdam
1044 1105 1137 1170 Lari-

228 1234 272 1277 no
302 1219 400 1297 atque
430 1213 523 1277 illam
551 1231 658 1296 usque
688 1213 818 1277 amari
847 1234 966 1298 supero
995 1211 1135 1277 Romam

188 1317 196 1329 '
227 1319 388 1405 proficisci
410 1340 487 1385 cum
511 1339 631 1404 magno
653 1320 815 1385 comitatu
839 1325 873 1385 et
895 1320 1046 1408 pecunie,
1068 1340 1134 1403 quo

138 1476 150 1488 .
228 1425 356 1491 facilius
378 1426 616 1492 circumvenire
638 1426 762 1490 iudicio
782 1426 897 1524 capitis
915 1433 1013 1510 atquc
1028 1426 1135 1519 oppri-

227 1552 317 1598 mere
342 1531 451 1599 filium
476 1538 595 1616 posset.
651 1530 726 1596 193.
758 1530 865 1596 Nemo
891 1537 963 1596 crat
987 1532 1133 1614 illorum,

227 1658 330 1721 poene
348 1638 468 1719 dicam,
484 1637 565 1721 quin
588 1637 791 1722 expiandum
812 1637 910 1702 illum
931 1637 1043 1703 locum
1064 1657 1133 1703 esse
1250 1701 1267 1732 ·

228 1744 453 1825 arbitraretur,
468 1763 678 1827 quacumque
696 1743 756 1808 illc
774 1743 839 1808 iter
861 1744 1008 1812 fecisset:
1035 1764 1133 1808 nemo

227 1848 309 1932 quin
329 1853 453 1913 terrem
474 1849 580 1932 ipsam
593 1849 722 1930 violari,
738 1869 822 1933 quae
845 1857 952 1914 meter
967 1855 1017 1914 cst
1031 1850 1133 1914 omni-

226 1954 827 2037 um‚vestigiisconsceleratacmctris
842 1961 984 2039 putaret.
1016 1955 1132 2038 Itaque

134 2139 137 2142 ⁴
227 2059 320 2124 nullo
333 2059 371 2124 in
381 2061 499 2145 oppido
513 2061 714 2126 consistendi
728 2067 871 2145 potestas
887 2061 918 2125 ci
932 2060 1016 2126 suit:
1035 2080 1132 2126 nemo

226 2185 269 2230 cx
288 2172 339 2232 tot
359 2167 541 2253 hospitibus
561 2167 716 2232 inventus
737 2172 786 2232 est
806 2168 864 2250 qui
884 2186 950 2232 non
970 2167 1133 2250 contagio

225 2292 304 2337 ncm
318 2281 468 2358 aspectus
481 2273 622 2356 fugeret.
668 2271 766 2337 Nocti
786 2293 820 2337 se
840 2273 950 2356 potius
968 2293 1007 2338 cc
1021 2259 1134 2338 solitu-

226 2380 295 2443 dini
310 2399 411 2463 quem
425 2379 487 2443 ulli
502 2386 562 2444 eut
575 2379 651 2442 urbi
670 2385 729 2443 aut
751 2371 871 2463 hospiti
893 2379 1134 2444 committebat

140 2497 143 2501 ’
226 2483 300 2550 194.
328 2485 426 2550 Nunc
446 2505 525 2550 vero
547 2485 629 2569 quid
652 2490 741 2568 aget,
760 2485 842 2569 quid
863 2485 1032 2565 molietur,
1050 2485 1132 2568 quid

225 2589 367 2674 denique
393 2592 520 2679 cotidie
539 2591 662 2676 cogitet
683 2611 783 2674 quem
805 2591 957 2680 ignorem
980 2598 1132 2656 nostrum

224 2694 344 2778 putat?
383 2695 473 2774 Quos
488 2697 672 2782 appellarit,
687 2697 809 2781 quibus
823 2697 998 2782 pecuniam
1012 2696 1132 2782 promi-

225 2800 314 2881 serit,
329 2822 473 2884 quorum
486 2803 587 2867 fidem
607 2804 720 2889 precio
739 2803 937 2869 labefactare
956 2811 1074 2868 concta
1089 2804 1132 2868 sit

223 2911 385 2971 tenemus.
433 2906 523 2983 Quin
545 2909 646 2973 etiam
667 2915 832 2974 nocturne
854 2901 1025 2990 sacrificis,
1045 2929 1131 2992 quoe

223 3018 320 3095 putat
344 3012 525 3092 occultIom
548 3034 629 3096 esse,
656 3014 895 3098 sceleratasque
922 3016 993 3079 cius
1018 3000 1131 3099 preces

224 3123 258 3181 ct
281 3117 408 3183 nefarie
432 3125 509 3183 vote
535 3121 766 3203 cognovimus:
801 3121 921 3205 quibus
946 3121 1006 3184 illc
1030 3121 1132 3186 ctiam
1179 3165 1182 3172 ι

224 3222 301 3287 deos
326 3223 528 3290 immortales
555 3226 595 3290 de
621 3245 682 3291 suo
709 3227 829 3292 scelere
855 3233 998 3292 testatur
1023 3247 1131 3311 neque

223 3328 378 3412 iutelligit
406 3331 526 3414 pictate
553 3338 587 3397 et
612 3331 771 3416 religione
797 3339 834 3397 ct
856 3333 953 3398 iustis
979 3333 1131 3418 precibus

224 3431 372 3497 deorum·
390 3442 528 3519 mentes,
552 3458 620 3502 non
645 3438 869 3503 contaminata
899 3438 1130 3523 superstitione

223 3552 331 3616 neque
348 3538 391 3601 ad
411 3539 518 3604 scelus
535 3542 773 3624 perficiendum
788 3545 891 3610 cessis
906 3545 1021 3609 hostiis
1035 3563 1130 3629 possc
