2667 4034
250 317 290 376 to
476 329 542 375 ruo
562 331 595 374 a.
615 330 778 376 onunurio
801 331 934 375 omnio.

248 502 361 586 liquit,
386 509 420 568 et
445 502 639 568 cumomni
667 502 850 586 ignominia
874 502 1004 568 liberat.
1061 501 1160 580 Quod

249 629 355 692 quum
372 609 464 690 laeit,
477 609 605 673 iudicat
622 609 695 672 eius
713 609 875 672 sententia
890 610 992 690 gratis
1010 628 1080 673 esse
1096 609 1159 693 Op-

249 715 418 799 pianicum
432 715 700 780 condemnatum.
746 715 791 779 Ilt
813 715 967 779 eumdem
989 715 1159 800 Popilium

248 827 361 905 postea
389 821 554 885 Lentulus
583 821 620 885 in
651 821 795 884 ambitus
825 821 949 886 iudicio
977 842 1039 906 pro
1066 823 1158 886 testi·

249 927 360 991 monio
383 927 633 1010 diligentissime
657 927 785 991 laudat.
832 926 907 1004 Qua
932 947 968 991 re
995 926 1022 992 si
1048 947 1158 1012 neque

247 1030 289 1095 L.
316 1029 417 1097 Gellii
442 1033 567 1098 iudicio
593 1034 685 1097 stetit
706 1029 871 1098 Lentulus
892 1053 999 1116 neque
1020 1032 1157 1098 Lentuli

248 1138 489 1202 existimatione
512 1144 687 1203 contentus
708 1137 774 1202 luit
796 1135 936 1219 Gellius,
953 1144 998 1220 et,
1019 1139 1046 1202 si
1067 1146 1157 1209 uter-

248 1260 314 1327 que
337 1263 452 1309 censor
475 1244 618 1309 censoris
642 1243 796 1327 opimone
822 1244 979 1308 standum
1004 1265 1071 1309 non
1096 1267 1157 1329 pu-

247 1352 342 1433 tavit,
357 1352 438 1435 quiid
460 1357 511 1416 est
531 1351 785 1435 quamobrem
806 1352 982 1434 quisquam
1004 1358 1157 1416 nostrum

248 1458 411 1523 derisoriae
429 1457 681 1541 subscriptiones
699 1475 812 1522 omnes
832 1455 918 1522 fixas
936 1463 973 1522 et
989 1457 1025 1522 in
1044 1473 1157 1541 perpe·

247 1568 346 1627 tunm
368 1570 458 1627 ratas
477 1569 575 1647 putet
595 1582 666 1628 esse
688 1561 864 1647 oporteret

291 1667 453 1732 XLVIII.
492 1667 569 1732 133.
593 1668 640 1732 at
654 1667 814 1752 inipsum
828 1667 992 1752 Habitum
1009 1669 1155 1733 animad-
1218 1746 1224 1752 .

246 1779 429 1837 verterunt.
486 1772 623 1837 Nullam
656 1773 792 1856 quidem
823 1774 865 1839 ob
898 1774 1154 1858 turpitudinem,

247 1879 380 1943 nullum
405 1881 446 1945 ob
472 1880 576 1945 totius
600 1881 688 1944 vitae
714 1901 781 1945 non
807 1881 916 1946 dicam
940 1881 1071 1962 vitium,
1097 1882 1154 1945 sed

247 1993 404 2050 erratum
451 1985 567 2070 Neque
589 1986 679 2052 enim
700 1987 764 2052 hoo
780 1987 913 2052 homine
934 1986 1077 2052 sanetior
1097 2007 1154 2052 no-

246 2111 312 2174 que
327 2091 459 2176 probior
479 2112 587 2176 neque
607 2093 644 2157 in
665 2093 818 2157 omnibus
839 2091 953 2157 officiis
974 2091 1154 2158 retinendis

247 2196 435 2280 diligentior
448 2209 518 2262 esse
533 2198 709 2280 qnisquam
723 2204 850 2282 potest:
871 2217 979 2280 neque
993 2197 1043 2261 illi
1058 2197 1155 2262 aliter

246 2301 375 2384 dieunt,
389 2303 445 2368 sed
462 2302 613 2367 eamdem
630 2301 724 2366 illam
741 2302 864 2368 famam
877 2303 992 2369 iudicii
1006 2303 1154 2388 eorrupti

246 2409 351 2473 seouti
375 2417 473 2474 sunt:
495 2409 605 2492 beque
628 2409 691 2492 ipsi
717 2429 811 2474 seous
836 2409 1027 2474 existiment
1052 2430 1154 2493 meam

246 2534 306 2578 nos
329 2515 513 2579 existimari
535 2514 690 2580 volumus
716 2515 760 2580 de
783 2515 885 2579 huius
910 2515 1047 2600 pudore,
1070 2516 1154 2580 inte-

246 2619 379 2701 gritate,
390 2621 536 2685 vinata:
560 2620 618 2684 sed
639 2627 802 2704 putarunt
821 2620 1039 2704 praetermitti
1058 2640 1154 2686 aeon·

246 2729 388 2787 satorem
404 2743 475 2789 non
492 2725 651 2809 potuisse,
663 2746 771 2809 quum
785 2727 1052 2792 animadversum
1067 2733 1153 2792 esset

244 2827 280 2891 in
303 2825 438 2893 iudices
485 2829 561 2907 Qua
582 2831 681 2896 dere
701 2837 772 2897 tota
789 2831 818 2896 si
834 2853 942 2896 unum
961 2831 1089 2896 laetum
1110 2851 1152 2896 ex

244 2935 344 3001 omni.
368 2937 569 3020 antiquitate
596 2939 777 3022 protulero,
806 2938 904 3023 plura
933 2959 1000 3004 non
1032 2938 1150 3004 dicam

244 3039 319 3105 134.
343 3041 419 3106 Non
439 3043 527 3107 enim
545 3043 627 3106 mihi
644 3043 836 3127 exemplum
854 3044 975 3108 mummi
991 3049 1026 3110 et
1042 3043 1153 3110 elaris-

242 3147 318 3210 simi
340 3144 416 3229 viri,
440 3147 479 3212 P.
507 3147 667 3229 Africani,
693 3149 973 3233 praetereundum
996 3149 1150 3214 videtur:

243 3251 302 3332 qui
327 3271 433 3334 quum
454 3260 676 3318 essetoensor
697 3255 787 3318 etin
811 3255 963 3338 equitum
985 3269 1088 3320 ceusu
1112 3255 1150 3320 0.
1202 3334 1206 3346 ι

243 3354 389 3419 Licinius
407 3355 564 3422 Sacerdos
585 3358 758 3442 prodisset,
774 3359 865 3424 clara
881 3379 973 3441 vooe,
988 3367 1028 3430 ut
1046 3361 1153 3425 omnis

243 3459 352 3523 contio
373 3459 492 3526 audire
511 3469 632 3545 posset,
656 3463 743 3528 dixit
765 3485 798 3529 se
821 3465 904 3531 seire
925 3465 1022 3530 illum
1045 3466 1152 3530 verbis

243 3565 409 3645 conceptis
429 3565 612 3647 peierasse:
635 3569 662 3632 si
685 3569 743 3652 qui
767 3576 882 3635 eontra
904 3571 1005 3637 vellet
1031 3571 1152 3653 dicere,
