2667 4034
394 330 466 375 car.
487 332 667 373 ιιι-ιω,
710 316 741 384 ἐξ
764 316 891 376 tit-59.
1055 318 1092 377 31
1171 349 1173 354 ·

187 522 259 565 mos
281 500 434 565 iudicum
455 521 523 567 non
544 501 636 567 illius
658 501 860 586 eloquentia,
877 502 935 567 sed
957 502 1095 569 defensi-

188 607 261 671 onis
290 607 498 692 impudentia
527 608 737 673 commoveri.
784 608 904 675 Postea
928 629 1030 691 quam
1054 610 1094 675 do

188 734 224 777 rc
254 713 362 797 coepit
387 713 507 795 dicere,
532 713 575 777 ad
605 734 656 795 ea,
680 733 767 797 quae
797 722 892 779 erant
920 714 957 778 in
983 734 1093 794 causa,

188 818 331 883 addebat
356 820 457 884 etiam
478 820 548 903 ipse
577 840 662 885 nova
687 820 853 904 quaedam
881 820 1029 899 vulnera,
1056 828 1095 885 ut
1182 846 1185 853 ⁴

187 944 390 1007 quamquam
410 924 526 990 sedulo
541 925 693 1007 faciebat,
710 932 821 991 tamen
843 925 1012 991 interdum
1027 948 1094 991 uon

188 1030 375 1111 defendere,
391 1030 449 1095 sed
464 1030 683 1123 praevaricari
699 1032 900 1097 accusationi
912 1032 1092 1097 videretur.

187 1135 305 1219 ltaque
334 1156 441 1221 quum
464 1120 675 1203 callidissimo
705 1158 739 1203 se
767 1137 876 1203 dicere
902 1144 1035 1223 putaret
1061 1145 1095 1203 ct

187 1264 293 1325 quum
317 1242 378 1307 illa
397 1243 498 1308 rerba
513 1244 716 1327 ,merissima
742 1264 783 1309 ex
809 1244 928 1310 intimo
954 1244 1095 1319 artificio

187 1349 462 1433 deprompsisset:
489 1348 672 1432 Respicite,
693 1350 833 1431 iudices,
848 1351 1096 1433 lrominamsor-

187 1464 297 1536 tanos,
312 1458 464 1537 respicite
485 1456 601 1522 dubios
616 1458 792 1537 variosque
815 1477 925 1538 cosas,
939 1456 1093 1537 respicite

194 1562 231 1627 Ο.
265 1563 416 1629 Fabricii
445 1572 668 1629 senectutem:
706 1584 812 1647 quum
846 1563 910 1628 hoc
939 1564 1093 1645 respicite

187 1668 354 1735 ornandae
369 1670 527 1735 orationis
542 1690 642 1735 causa
669 1670 764 1755 saepe
787 1669 935 1752 dixisset,
950 1669 1095 1755 respexit

186 1775 268 1859 ipse.
313 1775 362 1840 At
376 1774 414 1841 0.
430 1775 602 1841 Fabricius
616 1796 638 1841 a
652 1774 815 1841 subselliis
830 1775 972 1842 demisso
986 1776 1093 1860 capito

151 1889 153 1892 ’
188 1881 392 1946 discesserat.
438 1880 492 1946 59.
516 1881 583 1946 Hic
603 1881 732 1947 iudices
753 1882 873 1964 ridere,
896 1880 1094 1947 stomachari

188 1992 289 2070 atquc
304 1988 420 2053 acerbe
433 1986 521 2053 ferro
542 1994 714 2073 patronus,
730 2008 865 2053 causam
888 1988 948 2052 sibi
963 1988 1045 2074 cripi
1060 1994 1094 2052 et

188 2113 224 2156 so
249 2099 379 2157 caetera
400 2092 441 2159 de
466 2092 525 2157 illo
551 2092 642 2158 loco:
670 2092 837 2173 Respicite
862 2094 1002 2174 iudices,
1025 2114 1093 2158 non

188 2218 282 2282 posse
297 2197 424 2263 dicere:
448 2218 510 2263 nec
531 2197 714 2281 quidquam
736 2197 870 2282 propius
891 2198 1093 2278 estfactum,

189 2323 290 2386 quam
305 2310 345 2367 ut
357 2302 455 2367 illum
476 2310 730 2389 persequeretur
752 2311 786 2369 ct
801 2303 886 2368 collo
907 2304 1036 2368 obtorto
1051 2303 1093 2367 ad

189 2408 346 2473 subsellia
370 2409 555 2490 reduceret,
577 2416 620 2474 ut·
638 2409 767 2492 relique
793 2417 902 2493 posset
927 2429 1091 2494 peroraro.

188 2513 244 2579 Ita
258 2520 332 2578 tum
345 2512 515 2579 Fabricius
536 2514 684 2599 primum
705 2535 766 2579 suo
789 2514 925 2594 iudicio,
940 2514 1028 2597 quod
1044 2522 1095 2579 est

188 2621 430 2704 gravissimum,
457 2619 576 2685 deinde
601 2620 684 2705 legis
707 2621 741 2685 vi
763 2626 796 2686 ot
818 2622 988 2687 sententiis
1009 2622 1095 2687 iudi-¹

145 2806 151 2812 ι
188 2732 267 2791 'cum
282 2733 332 2791 est
347 2726 595 2792 condemnatus.

232 2831 350 2898 ΧΧΙΙ,
397 2831 488 2911 Quid
509 2840 559 2898 est
580 2834 671 2918 quod
693 2835 760 2899 iam
776 2834 816 2901 de
831 2835 1001 2922 Oppianici
1023 2858 1095 2921 per-

188 2958 269 3002 sona
295 2956 462 3021 causaque
487 2938 586 3023 plura
612 2939 786 3005 dicamus?
831 2942 932 3026 Apud
962 2942 1094 3007 eosdem

186 3043 315 3109 indices
339 3064 417 3109 reus
439 3051 490 3109 est
510 3045 630 3136 tactus,
650 3068 756 3130 quum
778 3048 829 3111 his
854 3048 983 3113 duobus
1005 3068 1095 3131 prae

185 3149 320 3215 iudiciis
349 3151 417 3215 iam
443 3152 619 3217 damnatus
645 3162 749 3218 esset:
772 3154 814 3218 ab
840 3154 956 3217 iisdem
982 3161 1095 3217 autom

185 3256 364 3338 iudicibus,
384 3258 443 3341 qui
464 3256 694 3327 Fabriciorum
717 3258 927 3324 damnatione
943 3257 983 3323 de
998 3258 1095 3343 Oppi·

186 3348 287 3429 anico'
297 3363 498 3445 iudicarant,
513 3364 607 3429 locus
621 3365 652 3429 ei
664 3365 792 3449 primus
807 3370 858 3429 est
873 3365 1092 3429 constitutus:

185 3477 364 3535 accusatus
386 3476 436 3535 est
458 3470 652 3535 criminibus
675 3470 876 3553 gravissimis
891 3476 925 3535 et
941 3470 994 3551 iis,
1009 3490 1095 3553 quae

186 3596 207 3642 a
233 3596 288 3641 me
312 3576 454 3660 breviter
480 3574 570 3638 dicta
595 3580 686 3654 sumt,
712 3580 746 3638 et
770 3579 941 3658 praeterea
968 3575 1095 3657 multis,
