2667 4034
230 312 269 371 76
453 327 517 369 rno
539 327 569 368 n.
591 325 754 370 consumo
777 326 909 370 onnrro.

229 495 337 561 aliena
366 497 525 561 fuerunt:
560 516 667 579 neque
699 495 781 560 mihi
814 495 997 579 quidquam
1028 498 1135 562 oneris

230 602 370 686 suscepi,
385 624 490 686 quum
504 604 568 667 iste
590 602 672 684 dixi,
688 624 754 686 quo
768 602 880 666 minus
894 603 1030 667 honeste
1049 604 1136 668 hanc

229 729 363 773 causam
393 715 427 773 et
455 709 556 774 libere
583 727 712 793 possem
738 707 923 772 defendere.
981 707 1078 786 Quod
1107 709 1136 776 si

228 814 328 878 velim
342 813 490 878 confiteri
505 835 559 879 me
574 835 709 878 causam
722 813 764 877 A.
784 813 931 878 Cluentii
951 835 1042 878 nunc
1062 835 1135 898 cog-

228 941 334 1000 nosse,
350 927 448 984 antea
461 920 561 984 fuisse
576 921 612 985 in
629 920 689 984 illa
709 919 862 1004 populari
882 919 1045 1003 opinione,
1060 921 1134 1003 quis

228 1025 363 1089 tandem
384 1026 420 1089 id
439 1026 542 1109 possit
564 1023 828 1109 reprehendere?
856 1025 1059 1109 praesertim,
1085 1025 1135 1088 iu-

229 1129 328 1211 dices,
346 1152 451 1214 quum
473 1132 604 1206 010110
626 1151 758 1219 quoque
780 1130 859 1214 ipsis
879 1131 944 1196 hoo
965 1131 1147 1214 impetrari,

229 1235 272 1301 sit
293 1237 540 1320 aequissimum,
554 1236 643 1321 quod
667 1256 727 1320 ego
751 1242 786 1301 et
804 1237 844 1300 ab
867 1236 962 1300 initio
980 1235 1081 1319 petivi
1100 1242 1135 1300 et

228 1362 318 1406 nunc
346 1349 433 1427 peto,
459 1350 510 1426 ut,
536 1342 564 1407 si
587 1363 689 1426 quam
711 1342 778 1406 huc
804 1342 989 1426 graviorem
1012 1341 1052 1406 de
1076 1341 1133 1406 1110

227 1447 352 1513 iudicio
374 1448 563 1533 opinionem
585 1447 754 1529 attulistis,
768 1444 854 1512 hanc
873 1467 973 1512 causa
987 1467 1134 1532 perspeo

227 1559 263 1617 ta
278 1560 376 1637 etque
392 1555 483 1620 omni
496 1555 634 1619 veritate
649 1554 782 1638 cognita
797 1553 977 1638 deponatis.

271 1657 344 1722 LII.
391 1659 466 1724 143.
490 1660 600 1742 Nunc,
612 1660 769 1743 quoniam
783 1660 827 1723 ad
841 1660 963 1738 omnia,
975 1680 1060 1743 quae
1076 1661 1133 1724 abs

226 1771 260 1830 te
284 1765 371 1828 dicta
394 1771 482 1848 sunt,
497 1765 537 1829 Τ.
557 1765 649 1844 Αο01,
666 1765 707 1830 (10
729 1766 900 1850 Oppianici
922 1766 1132 1830 damnatione

227 1870 391 1955 respondi,
420 1870 596 1936 confiteare
629 1891 760 1936 necesse
797 1876 847 1936 est
875 1877 908 1935 te
946 1871 1133 1956 opinionem

226 1976 372 2040 multum
393 1976 558 2058 fefellisse,
582 1977 672 2060 quod
694 1978 893 2042 existimaris
918 1998 971 2042 me
998 1998 1132 2042 causam

226 2082 268 2146 A.
287 2082 432 2147 Cluentii
446 2104 513 2148 non
534 2083 621 2148 facto
644 2084 727 2164 eius,
743 2084 799 2147 sed
817 2083 890 2168 lege
906 2083 1129 2148 defensurum.

225 2188 312 2252 Nam
326 2189 389 2253 hoo
403 2210 558 2275 persaepe
580 2189 693 2253 dixisti
714 2189 773 2254 tibi
796 2190 843 2254 sic
863 2190 1062 2266 renunciari,
1077 2210 1130 2254 me

225 2295 346 2359 habere
376 2295 412 2359 in
439 2296 549 2360 animo
579 2315 714 2359 eausam
743 2295 828 2360 hanc
857 2296 1019 2380 praesidio
1048 2295 1130 2378 legis

227 2400 411 2465 defendere.
457 2400 552 2466 Itane
582 2399 657 2465 est?
693 2402 733 2464 ab
764 2401 876 2465 amicis
905 2401 1130 2485 imprudentes

224 2506 379 2572 videlicet
404 2507 595 2592 prodimur:
620 2513 655 2572 et
678 2513 727 2572 est
756 2507 866 2573 nescio
897 2508 970 2588 quis
1001 2507 1041 2571 de
1067 2507 1130 2588 his,

225 2633 307 2695 quos
330 2614 451 2678 amicos
472 2620 599 2678 nostros
621 2613 833 2694 arbitramur,
848 2613 907 2696 qui
928 2621 1041 2678 nostra
1056 2634 1130 2678 oon-

226 2717 299 2780 silia
321 2718 363 2780 ad
386 2718 587 2784 adversarios
610 2717 761 2784 deferat?
808 2719 969 2796 Quisnam
987 2719 1050 2784 hoc
1071 2720 1130 2784 tibi

225 2823 456 2904 renunciavit?
480 2826 554 2908 quis
580 2832 650 2891 tam
675 2826 844 2910 improbus
870 2824 961 2890 fuit?
986 2826 1041 2891 cui
1069 2845 1129 2909 ego

225 2936 339 2994 autem
359 2929 518 2996 narrari?
552 2931 680 3014 Nemo,
696 2939 737 2998 ut
758 2933 884 3017 opinor,
898 2931 936 2996 in
955 2931 1054 3015 culpa
1068 2938 1129 3013 cst,

225 3037 282 3131 sed
297 3038 455 3102 nimirum
469 3038 529 3103 tibi
544 3039 636 3103 istud
649 3040 705 3104 lex
720 3041 792 3124 ipsa
806 3040 1024 3104 renunciavit.
1064 3038 1129 3104 Sed

224 3165 307 3208 num
329 3145 388 3209 tibi
410 3146 460 3209 ita
481 3145 665 3210 defendisse
686 3146 811 3227 videor,
826 3152 866 3210 ut
887 3152 958 3210 tota
978 3146 1013 3209 in
1027 3165 1129 3210 causa

224 3251 425 3315 mentionem
436 3250 542 3314 ullam
553 3250 688 3314 fecerim
703 3250 813 3334 legis?
836 3273 921 3316 uum
935 3271 1029 3316 secus
1043 3251 1129 3314 hanc

225 3376 359 3419 causam
374 3355 567 3437 defendisse,
583 3377 621 3420 ac
640 3357 668 3419 si
684 3356 757 3440 loge
772 3356 917 3421 Habitus
932 3354 1127 3421 teneretur?

227 3460 333 3539 Certe,
349 3467 389 3524 ut
403 3461 569 3526 hominem
584 3461 778 3527 confirmare
796 3469 935 3547 oportet,
950 3462 1065 3527 nullus
1080 3467 1130 3525 est

168 3592 172 3602 ,
224 3562 317 3626 locus
333 3586 352 3626 a
367 3585 419 3627 mo
435 3567 599 3647 purgandi
609 3567 706 3630 istius
717 3567 871 3632 invidiosi
882 3551 1027 3635 criminis
1038 3587 1129 3651 prae-
