2667 4034
288 303 290 308 ⁵
373 340 682 388 onn.mxx·-xxx1.
724 323 755 391 ἐξ
778 324 903 383 81-84.
1057 324 1095 383 45
1118 374 1120 377 .

186 513 241 578 83.
266 511 355 591 Quid
384 513 486 579 vultis
516 510 685 596 amplius?
718 511 793 575 -At
822 510 911 577 enim
942 509 1096 577 Staienus

186 640 255 685 non
269 619 335 684 suit
349 620 391 683 ab
402 618 593 703 Oppianico,
605 617 663 683 sed
678 636 699 681 n
714 615 870 681 Cluentio
880 616 924 680 ad
934 616 1097 683 iudicium

186 724 468 819 corrumpendum
482 724 695 804 constitutus.
741 722 811 787 Gur
828 742 919 804 eum,
933 742 1039 805 quum
1059 722 1097 789 in
1123 740 1126 745 ·

187 830 362 895 consssium
383 830 500 910 iretur,
522 828 698 894 Cluentius
720 834 754 892 et
776 826 965 892 Ominutius
986 826 1097 893 abesse

186 933 421 1021 potiebantur?
444 955 507 1001 cur
526 928 637 1028 quum·
652 932 690 997 in
712 932 888 999 consilinm
909 932 1097 1013 mittebant,

188 1040 363 1108 Staienum
387 1040 534 1106 indicem
560 1039 619 1123 qui
643 1039 819 1123 pecuniam
844 1038 1005 1105 dederant
1029 1058 1120 1105 mmv
1199 1040 1201 1046 “

165 1146 425 1233 ,ῐθᾳιιίτθὴαιήῖ
462 1146 663 1233 Oppianicus
674 1146 892 1230 querebatur:
918 1144 1095 1224 Quinctius

186 1256 377 1341 flagitabatz
400 1256 472 1322 sine
498 1253 634 1322 Staieno
655 1275 699 1319 nc
724 1255 761 1319 in
783 1254 959 1320 consilium
980 1254 1097 1336 irettu,

186 1363 366 1429 tribunicia
386 1367 548 1449 potestate
568 1356 724 1427 effectum
742 1365 802 1427 est.
840 1360 888 1427 At
902 1360 1097 1427 condemna·

185 1469 246 1534 vit.
291 1467 391 1532 Hanc
412 1468 503 1535 enim
523 1466 834 1537 condemnationem
856 1465 992 1531 dederat
1014 1465 1097 1530 obsi-

187 1575 264 1639 dem
277 1574 386 1639 Bulbo
400 1581 436 1641 et
449 1573 655 1656 caeteris,ut
669 1572 848 1638 destitutus
863 1572 904 1637 ab
919 1571 1097 1656 Oppianico
1170 1622 1172 1627 .

186 1682 366 1747 videretur.
413 1680 489 1759 Qua
510 1701 548 1746 m
572 1680 600 1744 si
622 1680 721 1745 istinc
742 1700 843 1747 causa
865 1679 1097 1764 corrumpendi

186 1788 314 1869 iudicii,
336 1789 365 1853 si
386 1788 484 1853 istinc
506 1788 659 1873 pecunia,
684 1787 782 1853 istinc
809 1787 974 1869 Staienus,
999 1788 1097 1853 istinc

187 1894 331 1978 deniqne
351 1895 459 1961 omnis
476 1894 569 1959 fraus
588 1900 624 1959 et
644 1894 784 1959 audacia
804 1900 865 1976 ost,
879 1894 958 1961 hine
978 1894 1096 1979 pudor,

186 2000 327 2067 honesta
345 2000 428 2081 ¹vitu,
440 1998 536 2065 nulla
557 1999 699 2083 suspicio
720 2000 892 2085 pecuniae,
913 1998 1008 2064 nulla
1029 2020 1097 2063 cor-

186 2106 364 2191 rumpendi
384 2105 500 2171 iudicii
522 2125 634 2186 causa,
654 2104 825 2195 patiamini
847 2106 985 2169 veritato
1007 2111 1097 2189 patc-

77 2254 82 2257 -
186 2212 276 2279 saeta
289 2217 390 2295 atquc
404 2211 495 2276 omni
516 2230 629 2277 errore
649 2209 778 2275 sublato
793 2230 833 2275 eo
847 2210 988 2274 transire
1005 2209 1098 2275 illius

186 2318 405 2402 turpitudinis
423 2316 608 2398 infamiam,
622 2316 681 2381 ubi
702 2322 832 2382 caetera
846 2314 1008 2381 maleficia
1021 2336 1097 2381 eon-2

187 2423 331 2489 sistunt:
355 2423 397 2489 ab
417 2442 457 2488 co
479 2422 639 2487 invidiam
661 2422 828 2487 discedere
848 2421 1038 2505 aliquando,
1054 2420 1096 2485 ad

186 2548 288 2611 quem
301 2548 487 2612 numquam
501 2528 675 2593 accessisse
690 2526 822 2611 culpam
835 2525 964 2591 videtis.

231 2632 367 2701 XXXI.
413 2633 467 2700 84.
489 2633 538 2699 At
557 2634 647 2700 enim
667 2632 844 2717 pecuniam
858 2630 991 2697 Staieno
1006 2631 1099 2697 dedit

186 2739 388 2825 Oppianicus
406 2760 474 2807 uon
492 2739 537 2804 ad
550 2737 832 2824 corrumpendum
850 2738 1026 2821 iudicium,
1040 2738 1098 2805 scd

187 2846 231 2911 od
253 2846 517 2913 conciliationem
538 2846 675 2931 gratiae.
721 2843 812 2910 Tene
837 2844 914 2926 hoe,
935 2846 1028 2927 Acci,
1051 2845 1098 2908 di-

187 2972 273 3033 cem,
299 2952 361 3028 tnli
381 2953 570 3038 prudentia,
596 2952 698 3017 otiam
718 2972 784 3015 usu
811 2957 914 3035 atquo
941 2951 1098 3015 exercita-

186 3058 278 3123 tione
303 3057 517 3143 praeditum?
565 3056 852 3141 Sapientissimum
882 3076 952 3120 esse
982 3055 1099 3121 dicunt

186 3184 277 3246 eum,
297 3164 354 3231 cui
375 3164 464 3249 quod
486 3184 570 3249 opus
590 3163 634 3228 sit
654 3163 717 3247 ipsi
738 3162 851 3227 veniat
872 3161 908 3223 in
931 3165 1096 3225 mentem:

186 3270 337 3353 proxime
361 3270 515 3335 accedere
541 3268 651 3348 illum,
681 3268 739 3350 qui
769 3265 906 3329 alterius
937 3264 1021 3329 bene
1050 3264 1099 3327 in·
1174 3290 1184 3315 ·

185 3376 295 3441 ventis
309 3376 520 3460 obtemperet.
549 3374 601 3458 ,In
612 3373 756 3437 stultitia
766 3377 881 3437 contra
892 3377 952 3437 est.
987 3369 1099 3435 Minus

187 3482 277 3549 enim
301 3482 426 3547 stultus
451 3480 565 3561 estis,
585 3478 641 3581 cui
664 3477 749 3541 nihil
770 3477 806 3541 in
829 3483 974 3541 mentem
995 3475 1099 3555 venit,

186 3608 290 3672 quam
310 3588 380 3669 illc,
394 3587 465 3671 qui,
485 3585 575 3670 quod
598 3582 701 3648 stulte
723 3581 820 3647 altori
842 3581 933 3645 vonit
954 3580 990 3643 in
1010 3599 1099 3643 men·
1156 3654 1159 3661 Δ
