2667 4034
318 346 320 349 v
388 249 699 338 'clama-xuni.
740 275 773 342 §l
796 276 961 338 117-121.
1093 278 1131 336 oa

182 505 186 511 -
224 465 338 545 postea
352 465 387 560 et
401 459 514 544 populi
535 457 678 527 Romani
700 466 735 528 et
755 481 883 542 eorum,
898 460 1007 545 quiin
1022 461 1133 546 ipsum

226 565 540 646 animadverterant,
570 566 717 632 moribus
746 567 936 657 praefuisse.
981 566 1133 645 Quodsi

225 669 313 734 illud
337 670 512 737 iudicium*
527 677 713 755 putaretur,
731 679 771 738 ut
793 672 914 740 caeteri
938 672 1028 756 turpi
1049 673 1134 736 iudi-

224 775 278 840 eie
305 775 453 840 damnati
475 777 512 840 in
533 783 733 861 perpetuum
752 770 843 843 omni
860 778 985 842 honore
1007 797 1045 842 ae
1065 779 1134 861 ‹lig-
1164 821 1170 830 ·

224 884 331 948 nitate
346 883 531 968 privantur,
547 884 594 950 sie
607 884 797 952 hominibus
816 884 999 968 ignominia
1012 885 1134 948 notatis

226 1008 336 1072 neque
362 987 407 1052 ad
431 988 591 1054 honorem
609 973 722 1054 'aditus
743 1009 851 1072 neque
872 989 909 1054 in
931 989 1060 1054 auriam
1086 1009 1134 1054 re-

229 1094 318 1158 ditus
347 1099 443 1158 esset.
490 1091 565 1158 120.
589 1093 687 1162 Nune
717 1094 745 1158 si
777 1115 877 1178 quem
906 1093 968 1160 On.
999 1093 1135 1160 Lentuli

228 1204 290 1264 aut
312 1182 351 1263 L,
376 1197 477 1264 Gellii
499 1199 637 1264 libertus
659 1199 742 1264 furti
765 1201 1002 1281 condemnarit,
1017 1201 1046 1264 is
1068 1221 1135 1265 om·

229 1305 328 1369 nibus
354 1305 557 1370 ornamentis
586 1305 715 1368 amissis
740 1325 924 1387 numquam
949 1304 1055 1370 ullam
1079 1305 1136 1368 ho-

228 1411 367 1476 nestatis
396 1417 476 1477 snae
505 1416 634 1494 partem
661 1409 887 1494 recuperabit:
912 1431 994 1494 quos
1023 1417 1136 1474 autem

230 1518 300 1603 ipse
321 1517 360 1582 L.
389 1516 518 1582 Gellius
543 1524 584 1601 et
604 1517 665 1582 (lu.
691 1516 868 1599 Lentulus,
884 1517 951 1582 duo
973 1537 1136 1598 censores,

230 1624 403 1689 clarissimi
417 1623 492 1705 viri,
507 1623 802 1708 sapientissimique
824 1623 984 1704 homines,
999 1623 1082 1687 furti
1102 1628 1137 1688 et

232 1730 636 1814 captarumpeeuniarum
658 1729 789 1795 nomine
805 1735 1015 1811 notaverunt,
1030 1715 1137 1794 iinon

225 1837 330 1901 ‚modo
354 1837 391 1900 in
415 1841 569 1900 senatum
594 1835 777 1916 redierunt,
793 1835 851 1900 sed
876 1836 977 1901 etiam
1001 1836 1138 1900 illarum

232 1942 379 2024 ipsarum
393 1959 522 2006 ⁴rerum
546 1941 680 2009 iudiciis
706 1941 846 2006 absoluti
873 1947 962 2006 sunt.
1008 1939 1135 2004 XLIIL

232 2046 405 2110 Neminem
419 2047 600 2112 voluerunt
620 2047 761 2112 maiores
782 2047 886 2112 nostri
901 2067 968 2111 non
983 2046 1081 2139 modo
1097 2046 1137 2110 de

231 2153 473 2220 existimatione
494 2153 706 2235 cuiusquam,
721 2151 779 2216 sed
800 2171 842 2216 ne
863 2151 1053 2236 pecuniaria
1066 2152 1137 2234 qui-

228 2254 308 2324 ¹dem
323 2258 363 2322 de
378 2277 415 2322 re
426 2258 566 2326 minima
577 2278 648 2324 esse
659 2258 817 2340 iudicem,
828 2257 893 2322 nisi
908 2257 966 2340 qui
980 2255 1068 2320 inter
1082 2256 1137 2320 ad-

209 2364 391 2430 -versarios
419 2364 634 2433 convenisset.
683 2362 889 2450 Quapropter
919 2363 956 2426 in
986 2361 1138 2428 omnibus

227 2470 370 2554 legibus,
391 2470 513 2553 quibus
533 2475 711 2553 exeeptum
733 2474 794 2549 est,
816 2469 857 2533 de
884 2468 1004 2552 quibus
1030 2467 1138 2533 causis

233 2582 291 2641 aut
316 2577 548 2660 magistratum
571 2595 688 2659 capere
714 2595 781 2640 non
803 2574 901 2641 liceat
921 2581 980 2640 ant
993 2574 1137 2640 iudicem

229 2682 297 2766 legi
311 2688 372 2746 aut
386 2681 531 2746 alterum
545 2701 712 2763 accusare,
728 2682 808 2746 haee
823 2681 1022 2765 ignominiae
1037 2702 1137 2747 eausa

191 2809 197 2817 ’
228 2787 460 2872 praetermissa
487 2793 550 2852 est.
603 2787 747 2857 'l'imoris
777 2789 866 2856 enim
896 2809 1040 2869 eausam,
1068 2796 1137 2852 non

231 2894 317 2960 vitae
346 2913 486 2977 poenam
514 2893 551 2958 in
581 2893 640 2960 illa
666 2901 826 2979 potestate
852 2915 921 2962 esse
946 2894 1134 2959 voluerunt.

232 2997 307 3063 121.
330 2999 448 3082 Itaque
478 3020 545 3070 non
583 3000 692 3069 solum
721 3000 806 3065 illud
835 3001 1018 3079 ostendam,
1047 2999 1137 3081 quod

230 3106 298 3170 iam
318 3104 447 3186 videtis,
470 3106 583 3190 populi
605 3106 747 3172 Romani
768 3106 934 3188 suffragiis
958 3124 1053 3188 saepe
1077 3125 1137 3166 nu-

230 3233 321 3277 mero
348 3212 513 3278 censorias
540 3212 794 3301 subscriptiones
819 3232 888 3276 esse
915 3211 1070 3290 sublatas,
1084 3229 1137 3274 ve-

229 3340 307 3386 rum
336 3319 439 3384 etiam
468 3317 599 3382 iudiciis
628 3339 755 3399 eorum,
781 3315 839 3400 qui
864 3318 965 3382 iurati
992 3322 1137 3382 statuere

229 3425 355 3494 maiore
385 3444 464 3488 eum
489 3421 648 3507 religione
679 3429 713 3490 et
742 3423 912 3508 diligentia
937 3423 1135 3488 debuerunt.

231 3531 385 3600 Primum
414 3528 553 3609 iudices,
580 3536 746 3598 senatores
776 3531 966 3612 equitesque
996 3527 1138 3592 Romani
