2667 4034
241 269 280 323 14
463 280 528 320 rao
549 278 580 320 A.
601 276 764 321 cannnrro
788 276 918 319 orario.

239 458 327 532 rant,
343 450 495 515 sustulit:
519 469 554 513 se
573 467 595 513 a
614 447 710 513 Sulla
729 454 763 512 et
776 453 844 513 tres
858 448 1147 537 praeterealactos

239 578 310 622 esse
332 557 428 638 dixit,
443 563 478 621 et
499 556 676 620 abeodem
698 556 759 619 sibi
781 575 850 619 esse
871 556 1083 638 imperatum,
1104 562 1146 619 ut

240 664 385 727 Aurium
413 663 522 743 illum,
548 662 607 746 qui
632 662 694 725 sibi
720 661 918 726 delationem
944 662 1085 725 nominis
1110 667 1146 725 et

241 770 355 854 capitis
377 768 562 854 periculum
584 772 777 848 ostentarat,
792 773 827 831 et
841 768 984 832 altarum
999 766 1145 831 Aurium

241 882 275 940 et
296 876 367 939 eiua
389 874 426 939 0.
449 874 559 938 filium
580 880 614 939 et
636 872 713 937 Sex.
729 873 880 955 Vibium,
895 894 961 957 quo
976 880 1145 957 sequestre

239 981 276 1045 in
298 981 355 1044 illo
377 980 484 1044 indice
506 978 747 1064 corrumpendo
767 978 939 1043 dicebatur
961 998 1030 1043 esse
1050 1000 1144 1059 usne,

239 1086 487 1172 proscribendos
508 1084 817 1168 interficiendosque
838 1091 980 1149 curaret.
1026 1083 1145 1167 Itaque

240 1194 305 1259 illis
327 1192 551 1257 crudelissime
572 1190 753 1255 interfectis
775 1212 843 1256 non
864 1191 1022 1255 mediocri
1044 1191 1084 1255 ab
1105 1210 1144 1255 eo

240 1300 361 1363 caeteri
374 1298 618 1383 proscriptionis
638 1304 673 1362 et
691 1299 806 1363 mortis
826 1304 919 1361 metu
933 1298 1142 1361 tenebantur.

240 1404 303 1469 His
318 1407 415 1469 rebus
429 1406 466 1469 in
488 1424 587 1469 causa
606 1404 795 1486 iudicioque
817 1404 986 1487 patefactis
1006 1404 1080 1487 quis
1095 1409 1146 1467 cst

240 1512 299 1594 qui
328 1511 424 1575 illum
455 1511 576 1575 absolvi
605 1511 749 1594 potuisse
780 1508 1023 1574 arbitraretur?
1077 1508 1143 1573 IX.

241 1618 352 1698 Atque
373 1616 454 1680 baec
479 1636 579 1699 parva
608 1622 705 1680 sunt:
731 1618 915 1701 cognoscite
941 1616 1079 1700 reliqna,
1105 1622 1147 1679 ut

241 1743 308 1786 non
332 1721 510 1805 aliquando
535 1722 792 1787 condemnatum
817 1740 891 1787 'esse
916 1724 1146 1807 Oppianicum,

242 1827 299 1893 aed
314 1827 460 1910 aliquam
475 1828 534 1891 diu
548 1809 750 1893 ineolumem
764 1829 864 1893 fuisse
879 1823 1058 1893 miremini.

285 1934 338 1997 26.
362 1932 513 1998 Primum
542 1934 650 1999 videte
679 1935 820 1999 hominis
844 1935 1026 1999 audaciam.
1074 1934 1147 1999 Sas-

242 2040 324 2104 siam
352 2040 388 2103 in
417 2042 666 2105 matrimonium
693 2042 824 2123 ducere,
851 2041 967 2105 Habiti
992 2049 1147 2123 matrem,

110 2192 112 2196 .
132 2146 135 2153 '
241 2146 345 2228 illam,
361 2148 456 2211 cuius
471 2148 580 2211 virum
595 2147 742 2211 Aurium
759 2148 934 2229 occiderat,
947 2148 1145 2231 concupivit.

242 2250 367 2316 Utrum
388 2253 610 2335 impudentior
629 2252 697 2332 hic,
716 2253 774 2335 qui
796 2252 950 2337 postulet,
966 2273 1009 2316 an
1031 2252 1148 2316 crude-

241 2356 304 2421 lior
317 2357 387 2438 illa,
403 2358 563 2439 sinubat,
579 2357 711 2421 difficile
734 2358 827 2422 dictu
847 2364 906 2422 est.
954 2357 1020 2422 Sed
1034 2364 1148 2423 tamen

241 2464 416 2547 utriusque
439 2464 681 2529 humanitatem
697 2465 987 2548 constantiamque
1014 2484 1149 2547 cognos-

163 2555 166 2563 ’
191 2632 199 2648 ,
242 2568 316 2632 cite.
364 2569 417 2632 27.
440 2568 530 2632 Petit
544 2568 754 2652 OppianicuS,
769 2574 809 2633 ut
831 2570 892 2633 sibi
908 2568 1016 2633 Sassia
1029 2569 1147 2649 nubat,

242 2678 276 2735 et
301 2673 335 2735 id
360 2692 481 2755 magno
506 2694 603 2757 opere
621 2676 806 2739 contendit.
853 2658 927 2740 Illa
942 2682 1055 2739 autem
1079 2696 1147 2740 non

242 2777 426 2841 admiratur
445 2778 630 2862 audaciam,
644 2802 712 2845 non
732 2782 974 2866 impudentiam
996 2802 1148 2865 asperna-

242 2889 310 2963 tur,
324 2905 392 2947 non
408 2884 549 2967 denique
570 2886 664 2950 illam
679 2888 850 2971 Oppianici
865 2888 1003 2952 domum
1016 2887 1079 2949 viri
1094 2888 1148 2951 sui

243 2990 402 3072 sanguine
416 2990 658 3056 redundantem
673 2993 882 3057 reformidat:
908 2993 965 3057 sed
980 2992 1069 3077 quod
1090 2993 1148 3057 ha-

241 3096 333 3160 beret
361 3096 418 3161 ille
446 3096 513 3161 tres
542 3096 638 3180 filios,
661 3098 784 3163 idcirco
810 3121 844 3163 se
874 3099 915 3162 ab
945 3100 996 3163 his
1022 3099 1148 3182 nuptiis

242 3202 416 3267 abhorrere
437 3203 616 3287 respondit.
663 3204 874 3288 Oppianicus,
890 3206 949 3288 qui
970 3205 1148 3290 pecuniam

243 3306 369 3371 Sassiae
384 3309 632 3391 concupivisset,
648 3309 746 3374 domo
766 3312 827 3374 sibi
849 3311 1078 3393 quaerendum
1097 3330 1148 3375 re-

242 3412 389 3475 medium
404 3413 604 3477 existimavit
618 3415 662 3477 ad
680 3410 753 3479 cain
764 3437 905 3496 moram,
921 3436 1006 3499 quae
1021 3416 1148 3500 nuptiis

244 3515 463 3581 adserebatur.
507 3517 595 3582 Nam
619 3540 726 3601 quum
750 3520 886 3585 haberet
908 3542 950 3587 ex
972 3520 1078 3586 Nouia
1098 3521 1146 3585 ina

1303 3922 1311 4009 l
