2667 4034
382 308 453 354 car.
473 309 629 355 ιιι-ιω
670 294 706 365 §fi
726 294 850 357 32-36.
881 378 885 386 Ι
1031 300 1068 357 19

72 562 76 566 ,
163 499 250 574 quae
265 484 341 544 tum
354 498 397 543 ex
411 477 533 546 tabulis
544 478 716 565 Oppianici
731 480 967 563 recitabantur,
979 503 1070 567 spem
1190 556 1194 563 ,

118 653 125 663 ,
162 581 268 664 illam,
284 603 386 668 quem
406 583 443 649 in
465 583 539 647 alvo
560 585 825 654 commendatam
840 606 861 653 a
875 588 946 651 viro
968 588 1069 653 conti-

162 690 274 770 nebat,
298 690 386 778 victa
410 690 548 755 avaritia
573 690 688 774 sceleri
711 691 881 776 Oppianici
907 694 1066 759 vendidit.
1161 722 1163 727 ·

164 795 218 861 35.
241 795 334 861 Nihil
347 815 441 880 posse
462 796 531 861 iam
553 796 596 860 sd
617 796 704 864 banc
725 797 968 883 improbitatem
990 800 1069 867 addi

162 903 314 966 videtin:
339 901 498 968 attendite
519 902 659 969 exitum.
707 902 800 981 Quae
822 905 943 973 mulier
965 906 1069 971 obtes-

162 1008 288 1072 tatione
315 1008 380 1073 viri
407 1007 524 1073 decem
559 1007 627 1075 illis
661 1009 830 1092 mensibus
859 1030 901 1077 ne
932 1011 1068 1078 domum

162 1113 299 1197 quidam
313 1112 419 1179 ullam
432 1113 498 1179 nisi
513 1133 627 1180 seems
642 1134 721 1179 suae
736 1135 831 1181 nosse
845 1115 972 1197 debuit,
987 1118 1068 1181 haec

162 1219 280 1303 quinto
307 1240 421 1286 mense
447 1224 522 1303 post
543 1219 607 1286 viri
635 1228 776 1287 mortem
801 1221 864 1305 ipsi
890 1222 1068 1306 Oppianico

162 1325 286 1409 nupsit.
334 1324 427 1403 Quae
448 1325 590 1409 ,nuptiae
619 1346 687 1391 non
714 1326 891 1391 diuturnae
917 1327 1064 1392 fuerunt.
1092 1376 1096 1385 .

162 1430 268 1495 Erant
282 1432 372 1496 enim
385 1451 454 1497 non
469 1432 671 1499 matrimonii
683 1431 855 1516 dignitate,
867 1432 925 1503 sed
936 1432 1067 1499 sceleris
1112 1518 1116 1524 Ι

162 1537 318 1601 societate
334 1536 540 1602 coniunctae.

204 1641 307 1709 XIII.
343 1642 395 1707 36.
421 1641 534 1721 Quid?
552 1643 612 1709 illa
626 1642 742 1711 caedes
756 1644 875 1711 Asuvii
889 1644 1066 1729 Larinatis,

161 1748 379 1816 adolescentis
405 1749 586 1834 pecuniosi,
608 1770 710 1834 quam
735 1750 920 1818 claretum
941 1753 1066 1819 recenti

161 1877 198 1921 re
212 1856 289 1937 fuit,
303 1877 406 1940 quam
421 1856 572 1923 omnium
587 1876 736 1923 sermone
752 1857 942 1923 celebrata?
986 1858 1066 1923 Fuit

161 1962 306 2027 Avillius
321 1962 457 2045 quidam
471 1960 610 2027 Larinas
622 1962 753 2046 perdita
767 1963 915 2046 nequitia
930 1968 964 2029 et
979 1984 1067 2027 sum·

161 2088 218 2133 ma
232 2074 387 2151 egestate,
403 2074 474 2133 arte
487 2068 636 2151 ‚quadam
656 2067 827 2151 praeditus
849 2068 891 2133 ad
913 2068 1066 2133 libidines

27 2186 35 2195 ·
161 2172 484 2241 adolescentulorum
510 2172 709 2257 excitandas
728 2172 984 2253 accommodata,
1007 2173 1067 2255 qui

160 2285 202 2343 ut
217 2299 251 2343 se
265 2278 433 2345 blanditiis
449 2285 483 2343 et
498 2278 780 2345 adsentationibus
802 2279 839 2343 in
860 2278 977 2342 Asucii
992 2299 1066 2343 con-

162 2385 374 2451 suetudinem
394 2385 528 2469 penitus
550 2386 723 2464 immersit,
746 2384 944 2470 Oppianicus
966 2385 1068 2450 conti·

161 2511 231 2555 uuo
245 2510 375 2575 sperare
387 2491 505 2576 coepit,
516 2491 579 2558 hoe
595 2511 629 2557 se
639 2489 763 2555 Avillio
775 2497 945 2574 tamquam
956 2490 1068 2574 aliqua

160 2596 316 2661 maehina
336 2595 470 2661 admota
485 2615 601 2680 capere
622 2596 741 2661 Asuvii
764 2581 1018 2670 adolescentiam
1033 2603 1068 2661 et

161 2700 311 2767 fortunas
340 2701 412 2767 eius
442 2702 565 2786 patrias
588 2722 781 2787 expugnare
810 2722 913 2787 pesse.
969 2702 1046 2769 Rati

161 2808 347 2892 excogitata
367 2806 483 2874 herini
498 2813 559 2890 est,
575 2828 627 2875 res
642 2809 803 2879 translata
817 2808 968 2879 Romam.
1014 2809 1068 2874 In-

159 2916 209 2981 ire
224 2917 316 2981 enim
329 2915 503 2981 eonsilium
519 2915 649 2985 facilius
660 2916 697 2984 in
712 2917 899 2999 solitudine,
911 2917 1067 3001 perficere

160 3044 232 3089 rem
246 3024 424 3089 eiusmodi
437 3025 642 3091 commodius
652 3026 690 3093 in
700 3026 799 3093 turba
813 3044 906 3110 posse
918 3026 1041 3089 arbitra
1055 3026 1068 3087 i

160 3137 250 3209 sunt.
296 3130 444 3213 Asuvius
467 3151 546 3195 cum
568 3131 690 3195 Avillio
710 3130 852 3198 Romam
873 3134 923 3195 est
944 3129 1082 3217 prosec-¹

159 3243 235 3301 tus:
268 3236 329 3301 hos
359 3237 505 3321 vestigiis
536 3236 735 3322 Oppianicus
772 3240 968 3301 consecutus
1005 3241 1065 3299 est.

159 3341 233 3406 Iam
254 3349 296 3407 ut
310 3341 436 3407 Reum
450 3343 607 3423 vixerint,
621 3341 743 3427 quibus
765 3341 932 3422 conviviis,
947 3342 1067 3425 quibus
1184 3370 1194 3395 ·

158 3450 307 3535 flagitiis,
323 3451 456 3535 quantis
471 3457 621 3534 atquem
636 3449 777 3534 profusis
790 3448 988 3535 sumptibus,
1000 3468 1068 3517 non

159 3559 260 3625 modo
276 3558 419 3640 conscio,
434 3558 493 3624 sed
507 3557 610 3622 etiam
624 3556 763 3623 conviva
781 3560 818 3623 ,et
839 3554 990 3624 adiutore
1006 3554 1067 3639 Op-
