2667 4034
266 302 305 361 20
461 316 553 379 ⁴rao
573 315 604 359 a
626 311 790 361 casamo
814 314 945 361 oasrro.

265 485 406 571 pianico,
427 486 567 571 longum
588 493 639 551 est
660 486 769 551 dicere
791 485 885 566 mihi,
909 484 1104 569 praesertim
1127 484 1172 549 ad
1225 482 1229 490 ’

183 661 188 670 ,
265 592 332 656 alia
352 593 551 677 properanti.
598 592 738 656 Exitum
759 591 860 655 huius
883 590 1101 655 adsimulatae
1124 590 1171 653 fa·
1221 658 1227 669 ,
1315 635 1316 663 ,

265 698 464 763 miliaritatis
487 698 683 782 cognoscite.
731 697 783 762 37.
813 696 927 775 Quum
951 702 1035 761 essct
1061 696 1170 761 adole-

266 824 359 868 scens
388 804 478 887 apud
505 803 740 868 mulierculam
763 801 943 886 quamdam
972 809 1083 885 atqua,
1109 800 1171 865 ubi

264 915 482 994 pernoctaret,
508 909 554 972 ibi
584 909 673 973 diem
698 908 1169 993 posterum'commoraretur,

264 1014 418 1097 Avillius,
432 1020 473 1079 ut
495 1020 567 1081 erat
588 1016 818 1095 constitutum,
843 1013 978 1079 simulat
1001 1033 1035 1079 so
1058 1033 1171 1097 aegro

264 1126 336 1185 tare
362 1126 396 1185 ct
419 1108 656 1185 testamentum
685 1120 792 1186 facere
818 1119 913 1185 velle.
970 1118 1170 1203 Oppianicus

265 1227 487 1309 obsignatores
502 1226 545 1290 ad
559 1246 648 1307 eum,
663 1226 723 1310 qui
744 1246 853 1310 neque
874 1224 1041 1289 Asuvium
1060 1245 1170 1309 neque

245 1332 425 1397 ·Avillium
446 1338 591 1414 nossent,
607 1332 744 1397 adducit
758 1338 792 1397 ct
812 1332 909 1396 illum
928 1331 1095 1396 Asuvium
1115 1351 1170 1416 ap-

263 1437 366 1523 pellat
375 1439 455 1523 ipse.
501 1439 713 1503 Testamento
723 1437 983 1502 Asuviinomine
999 1437 1171 1520 obsignato

265 1545 455 1609 disceditur.
501 1544 645 1608 Avillius
665 1545 754 1609 illico
770 1543 976 1608 convalescit.
1022 1543 1170 1609 Asuvius

156 1651 159 1657 ’
265 1655 378 1714 autem
391 1650 483 1714 brevi
505 1649 564 1715 illo
587 1657 733 1735 tempore
749 1649 844 1734 quasi
868 1650 906 1715 in
928 1649 1078 1715 hortulos
1092 1650 1170 1732 iret,

207 1846 210 1850 ἶ
263 1756 301 1819 in
322 1756 489 1820 arcnmias
510 1756 671 1841 quasdam
693 1762 788 1821 extra
810 1763 939 1842 portam
961 1756 1171 1840 Esquilinam

264 1861 443 1945 perductus
463 1862 633 1927 occiditur.
681 1862 734 1927 38.
759 1862 825 1940 Qui
844 1884 951 1947 quum
972 1883 1079 1927 unum
1100 1863 1171 1927 iam

265 1972 299 2031 et
314 1967 457 2033 alterum
472 1969 561 2033 diem
575 1969 819 2035 desideraretur
839 1990 948 2053 neque
965 1969 1006 2033 in
1021 1969 1061 2033 iis
1076 1967 1170 2050 Incia,
1264 2002 1268 2011 ·

263 2072 323 2136 ubi
338 2094 380 2138 ex
394 2074 633 2140 consuetudine
655 2075 887 2158 quaerebatur,
901 2074 1119 2155 inveniretur,
1135 2082 1170 2139 ct

264 2178 462 2264 Oppianicus
476 2180 513 2244 in
527 2180 598 2245 foro
612 2178 821 2245 Larinatium
837 2181 1002 2245 dictitaret
1012 2200 1120 2266 nuper
1134 2201 1170 2245 se
1244 2218 1251 2233 ·

163 2302 166 2308 ·
264 2292 300 2351 et
313 2307 390 2351 suos
405 2286 526 2351 amicos
541 2291 778 2351 testamentum
801 2287 872 2353 eius
895 2288 1092 2371 obsignasse,
1106 2286 1169 2350 lib
1207 2324 1212 2331 -

264 2392 328 2457 orti
342 2390 459 2456 Asuvii
480 2397 514 2458 ct
534 2412 602 2457 non
626 2370 712 2456 nulli
735 2392 844 2475 amici,
859 2392 948 2477 quod
967 2413 1006 2458 co
1022 2393 1086 2473 dia,
1101 2412 1169 2476 quo

264 2503 468 2581 postremum
489 2497 634 2561 Asuvius
648 2498 740 2563 visus
763 2505 844 2579 crat,
859 2498 1020 2562 Avillium
1035 2517 1114 2562 oum
1128 2517 1168 2562 eo
1273 2543 1280 2551 -

264 2596 365 2667 fuisse
388 2609 424 2667 et
444 2603 597 2668 amultis
610 2604 721 2668 visum
743 2624 812 2669 esse
834 2604 1015 2686 constabat,
1030 2604 1066 2668 in
1090 2623 1170 2668 eum

137 2712 141 2717 '
263 2708 429 2772 invadunt
448 2714 484 2773 et
504 2709 672 2774 hominem
694 2715 771 2775 ante
793 2708 892 2795 pedes
908 2708 948 2787 Q.
965 2709 1094 2791 Manlii,
1108 2708 1170 2792 qui

264 2819 339 2876 tum
358 2818 429 2877 erat
449 2813 615 2896 triumvir,
630 2816 857 2880 constituunt:
882 2822 981 2899 atque
1003 2815 1072 2879 illic
1094 2835 1169 2879 con-

263 2919 370 2999 tinuo,
385 2918 479 2984 nullo
493 2925 588 3002 teste,
603 2920 698 2986 nullo
717 2921 836 3003 indice,
852 2922 992 2986 recentis
1015 2920 1170 2985 maleficii

264 3025 464 3119 conscientia
492 3028 705 3112 perterritus,
724 3028 846 3109 omnia,
861 3034 901 3091 ut
926 3047 947 3092 a
974 3043 1027 3092 me
1057 3027 1169 3111 paullo

264 3139 341 3198 anta
356 3133 445 3198 dicta
459 3138 549 3216 sunt,
564 3134 701 3218 exponit
715 3133 946 3217 Asuviumque
967 3154 987 3197 a
1009 3152 1078 3197 sese
1094 3133 1170 3196 co'n-

264 3240 338 3305 silio
360 3240 531 3325 Oppianici
554 3240 769 3305 interfectum
792 3239 926 3305 fatetur.
974 3239 1026 3303 39.
1051 3238 1169 3303 Extra-

140 3352 152 3381 ·
263 3342 356 3406 bitur
371 3343 468 3408 domo
489 3343 625 3408 latitans
647 3344 847 3428 Oppianicus
863 3364 884 3407 a
898 3342 1042 3407 Manlio:
1066 3341 1168 3406 index

264 3447 408 3525 Avillius
423 3467 465 3512 ex
480 3448 584 3511 altera
597 3454 690 3531 parte
702 3468 813 3512 coram
824 3454 966 3513 tenetur.
1004 3446 1072 3513 Hic
1087 3446 1170 3531 quid

262 3550 333 3617 iam
347 3550 476 3634 reliqna
489 3550 675 3634 quaeritis?
720 3550 883 3619 Manlium
903 3553 1053 3638 plerique
1074 3572 1170 3619 nora-
