2667 4034
240 282 259 339 8
463 295 528 337 rae
550 295 582 337 n.
604 294 768 337 cnurnrro
791 293 923 336 camo.

240 467 381 548 cordiae,
403 471 536 549 repente
560 471 610 530 est
632 470 747 529 exorta
768 464 918 529 mulieris
940 465 1151 549 importunae

239 572 366 636 nefaria
379 572 480 636 libido
501 593 569 636 non
591 570 699 637 selum
722 571 892 652 dedecore,
906 591 1024 635 verum
1047 573 1151 636 etiam

240 678 360 743 scelere
390 677 577 742 coniuncta.
637 676 725 741 Nam
755 675 874 757 Sassia,
904 681 1011 741 mater
1047 677 1150 741 huius

174 855 180 867 .
239 783 376 847 Habiti:
401 790 507 847 mater
521 783 611 846 enim
627 803 710 847 ame
725 783 761 846 in
777 783 868 848 omni
884 802 998 865 causa,
1016 783 1150 847 tametsi

238 890 275 953 in
296 890 397 954 hunc·
407 889 518 953 hostili
540 888 621 953 odio*
631 893 665 953 et
680 888 875 953 crudelitate
891 896 952 970 est,
967 895 1084 970 mater,
1100 889 1150 952 in-

239 1016 352 1079 quam,
378 994 606 1079 appellabitur,
632 1015 741 1078 neque
766 1015 928 1078 umquam
953 994 1013 1059 illa
1035 995 1082 1059 ita
1107 994 1149 1059 de

240 1122 300 1165 suo
321 1101 442 1165 scelere
457 1106 491 1165 et
504 1098 713 1165 immanitate
728 1100 853 1180 audiet,
869 1106 909 1165 nt
931 1107 1070 1165 naturae
1091 1121 1150 1165 no-

240 1228 317 1271 men
332 1208 482 1271 amittat:
507 1227 573 1289 qno
588 1206 678 1270 enim
693 1212 743 1270 est
762 1206 872 1290 ipsum
895 1226 1016 1271 nomen
1038 1226 1150 1269 aman-

239 1312 306 1376 tius
321 1311 612 1395 indulgentiusque
626 1309 826 1391 maternum,
837 1311 899 1377 hoc
914 1311 1005 1374 illins
1020 1311 1148 1391 matria,

239 1438 324 1501 quae
349 1417 473 1482 multos
492 1418 560 1481 iam
582 1438 685 1481 annos
708 1423 742 1481 et
763 1436 854 1481 nunc
876 1420 983 1499 qnn'm
1003 1416 1149 1487 maxime

238 1523 347 1587 filium
365 1523 585 1587 interfectnm'
600 1523 702 1606 cupit,
719 1522 886 1605 singulare
902 1521 1009 1614 scelus
1023 1522 1149 1599 maiore

240 1628 315 1693 odic
327 1627 467 1710 dignum
478 1648 547 1692 esse
559 1628 697 1693 ducetis.
728 1628 779 1691 Ea
789 1627 892 1711 igitur
903 1634 1010 1693 mater
1019 1626 1148 1709 Habiti,

239 1732 355 1797 Melini
369 1733 460 1797 illins
475 1733 701 1815 adolescentis,
714 1734 825 1817 generi
841 1734 906 1815 sni,
917 1739 1032 1798 contra
1046 1753 1150 1817 quam

162 1925 164 1928 Ι
238 1839 289 1903 fas
303 1845 385 1920 erat,
402 1859 511 1902 amore
526 1845 633 1923 capta,
648 1839 766 1923 prime,
779 1860 887 1922 neque
901 1840 937 1903 id
951 1840 1061 1923 ipsum
1076 1839 1149 1920 diu,

239 1945 489 2029 quoquomodo
509 1946 699 2029 poterat,in
721 1946 779 2009 illa
801 1946 981 2030 cupiditate
1004 1946 1150 2010 contine·

238 2051 356 2115 batur:
389 2052 507 2117 deinde
532 2052 581 2116 ita
606 2052 747 2135 flagrare
778 2052 885 2136 coepit
915 2052 1070 2133 amentia,
1101 2051 1150 2117 sic

238 2157 445 2245 inflammata
458 2156 537 2221 ferri
552 2158 700 2239 libidine,
715 2163 756 2221 ut
776 2178 849 2221 eam
864 2178 932 2221 non
947 2156 1064 2241 pudor,
1079 2178 1150 2222 non

237 2264 409 2347 pudicitia,
433 2284 499 2327 non
521 2264 638 2347 pietas,
660 2284 728 2327 non
749 2264 882 2327 macula
902 2263 1057 2344 familiae,
1080 2284 1149 2327 non

238 2369 412 2434 hominum
434 2368 533 2449 fama,
548 2390 616 2433 non
636 2368 698 2433 filii
714 2368 818 2449 dolor,
833 2390 901 2433 non
915 2368 1003 2433 filiae
1018 2388 1150 2433 maeror

238 2474 453 2558 acupiditate
476 2480 654 2539 revocaret.
701 2473 754 2538 13.
779 2474 941 2537 Animum
964 2474 1149 2539 adolesceu-
1227 2549 1240 2575 α

237 2580 292 2660 tis,
307 2580 457 2644 nondum
471 2579 607 2644 consilio
623 2599 661 2643 ac
677 2580 804 2645 ratione
819 2579 1001 2669 firmatum,
1012 2579 1150 2664 pellexit

16 2667 23 2684 ⁵
123 2738 135 2753 .
237 2684 279 2749 iis
301 2685 453 2748 omnibus
475 2686 585 2765 rebus,
600 2685 723 2767 quibus
745 2685 804 2749 illa
826 2692 915 2750 aetas
937 2686 1009 2771 capi
1032 2706 1070 2751 ac
1094 2686 1149 2751 de-

114 2807 118 2812 ’
237 2788 328 2853 liniri
357 2794 473 2873 potest.
518 2788 615 2870 Filia,
641 2810 726 2873 quae
750 2812 817 2855 nen
844 2791 952 2855 solum
977 2790 1035 2856 illc
1062 2812 1149 2871 com-

238 2895 332 2958 muni
357 2895 468 2959 dolore
493 2895 648 2959 muliebri
670 2896 706 2959 in
728 2897 799 2960 eius
821 2897 911 2961 modi
932 2897 995 2960 riri
1018 2897 1149 2960 iniuriis

130 3006 135 3012 '
237 3006 428 3083 angeretur,
444 3001 502 3065 sed
523 3001 689 3066 nefarium
710 3002 825 3067 matris
848 3002 1040 3087 pellicatum
1062 3002 1148 3067 ferre

237 3128 304 3171 non
333 3113 453 3191 posset,
485 3106 525 3171 de
555 3127 621 3190 quo
650 3127 692 3171 ne
723 3107 817 3190 queri
848 3108 983 3190 quidem
1013 3128 1047 3172 se
1077 3108 1148 3171 sine

238 3213 360 3279 scelere
380 3235 472 3298 posse
496 3214 724 3294 arbitraretur,
740 3219 885 3277 caeteros
901 3215 953 3277 sui
968 3214 1053 3277 tanti
1068 3213 1162 3277 mali·

237 3319 369 3402 ignaros
384 3339 453 3383 esse
474 3320 648 3403 cupiebat:
673 3320 710 3382 in
731 3318 832 3406 huius
855 3320 1072 3383 amantissimi
1095 3320 1148 3384 sui

238 3424 350 3488 fratris
375 3424 528 3487 manibus
554 3430 588 3488 et
614 3424 740 3506 gremio
770 3445 917 3489 maerore
943 3431 978 3489 et
1002 3424 1148 3489 lacrimis
1217 3426 1220 3431 ’

239 3529 499 3594 consenescebat.
546 3528 599 3592 14.
627 3528 713 3593 Ecce
736 3535 850 3595 autem
872 3530 1021 3595 subitum
1043 3531 1149 3595 divor-
