2667 4034
342 361 415 403 ese.
437 363 703 405 xxx11.-xxx1v.
745 348 918 414 §ese-93.
1041 353 1078 409 49

161 529 319 608 iurasset,
335 550 420 613 quoe
442 551 495 595 res
516 531 642 596 nemini
662 552 826 617 umquam
840 534 950 627 fraudi
966 536 1031 609 snit
1046 544 1079 603 ot

163 636 253 719 quod
279 635 316 699 Ο.
343 635 477 717 Verres,
492 648 625 721 praetor
645 638 807 721 urbanus„
824 640 923 705 homo
946 651 1078 707 sanetus

163 748 199 805 et
221 740 373 825 diligens,
391 742 658 807 subsortitionem
679 745 750 807 eius
769 745 805 807 in
825 739 863 810 eo
879 748 991 811 codiee
1011 770 1078 812 non

162 846 311 928 haberet,
342 847 400 930 qui
431 854 507 912 tum
532 848 701 913 interlitus
731 852 967 935 proferebatur.
1014 852 1077 919 His
1177 854 1189 880 '

117 954 122 963 '
164 952 207 1017 de
237 953 345 1016 eeusis
372 952 410 1017 Ο.
438 952 558 1017 Iunius
588 955 827 1020 condemnatus
853 964 913 1039 est,
940 959 1076 1041 iudiceS,

162 1058 336 1123 levissimis
360 1064 395 1123 et
416 1058 660 1141 infirmissimis,
675 1081 757 1143 ques
778 1063 912 1127 omnino
934 1064 968 1126 in
992 1065 1076 1127 iudi-

163 1165 255 1229 oium
288 1165 410 1229 adferri
444 1185 512 1229 non
543 1156 701 1249 oportuit.
757 1166 873 1250 Itaque
903 1189 1076 1253 oppressus

163 1275 225 1351 est,
240 1290 306 1334 non
323 1290 434 1351 eausa,
447 1271 505 1334 sed
519 1277 678 1355 tempore.
716 1269 885 1336 XXXIV.
925 1274 977 1336 92.
1002 1274 1076 1339 Hoe

161 1395 221 1439 vos
246 1375 400 1440 Cluentio
425 1375 590 1439 iudicium
615 1377 740 1460 putatis
764 1378 875 1441 obesse
901 1379 1075 1462 oportere?
1170 1420 1174 1428 -

164 1479 274 1557 Quem
297 1481 349 1568 ob·
363 1480 524 1545 causum?
570 1480 607 1545 Si
630 1501 672 1546 ex
695 1481 767 1564 lego
790 1482 987 1547 subsortitus
1009 1504 1077 1549 non

164 1592 237 1649 erat
258 1585 377 1671 Iunius
400 1596 460 1650 aut
484 1587 512 1650 si
535 1587 572 1651 in
594 1587 742 1669 aliquam
766 1587 874 1671 legem
898 1588 1076 1672 aliquando

163 1713 232 1756 non
253 1691 433 1773 iuraverat,
453 1694 577 1758 ideireo
599 1693 924 1784 illius-damnatione
949 1675 1076 1779 aliquid

163 1798 206 1862 de
230 1796 384 1862 Cluentio
403 1798 642 1863 iudieabotur?
688 1797 775 1881 Non,
790 1800 917 1884 inquit:
942 1801 999 1866 sed
1018 1801 1075 1867 ille

124 1927 131 1938 ·
163 1904 287 1968 ideireo
301 1904 368 1968 illis
382 1904 511 1987 legibus
526 1905 764 1971 condemnatus
779 1912 840 1988 est,
855 1908 944 1991 quod
960 1914 1076 1973 eontra

164 2009 265 2073 oliam
288 2009 398 2093 legem
422 2011 641 2076 commiserat.
689 2011 756 2091 Qui
777 2014 840 2077 hoo
863 2012 1074 2091 confitentur,

163 2121 302 2200 possunt
322 2115 426 2179 iidem
447 2116 533 2179 illud
556 2118 722 2204 iudicium
745 2118 844 2182 fuisse
872 2118 1073 2181 defenderet

163 2220 252 2304 Ergo
275 2222 396 2305 lnquit,
410 2222 534 2287 ideireo
547 2223 689 2287 infestus
703 2228 777 2287 tum
792 2221 932 2307 populus
956 2220 1075 2285 Rome·

163 2348 228 2391 nus
244 2327 282 2392 O.
298 2326 397 2393 Iunio
412 2328 487 2409 fuit,
499 2328 589 2411 quod
603 2328 690 2392 illud
704 2328 865 2392 iudicium
881 2333 1075 2410 corruptum

163 2453 223 2516 per
236 2418 324 2497 'enm
349 2433 540 2517 putubatur.
585 2432 678 2496 Num
707 2432 810 2515 igitur
838 2432 902 2497 hoe
927 2438 1074 2515 tempore

164 2558 267 2602 eausa
288 2545 420 2603 mutate
440 2537 517 2603 esti
540 2528 623 2602 nuin
644 2538 788 2619 uliares,
804 2537 869 2601 eliu
884 2537 968 2605 ratio
983 2537 1074 2601 illius

163 2644 291 2725 iudicii,
302 2644 504 2725 ulie-natura
518 2646 620 2709 totius
635 2644 762 2727 negocii
777 2664 867 2710 nune
883 2650 985 2709 osteo
1000 2650 1075 2709 tum

132 2772 141 2785 ·
163 2748 256 2814 fuit?
293 2749 502 2835 Nonopinor
517 2770 559 2815 ex
574 2752 616 2814 iis
630 2751 740 2832 rebus,
756 2770 841 2834 quae
856 2758 966 2835 gestae
984 2760 1073 2832 sunt,

163 2876 235 2920 rem
255 2856 362 2920 ullam
384 2856 530 2939 potuisse
550 2856 686 2920 mutari.
734 2856 786 2921 93.
813 2856 901 2934 Quid
924 2879 1002 2941 ergo
1024 2865 1074 2921 est

163 2980 283 3026 causae
306 2962 395 3045 quod
416 2982 507 3026 nune
522 2969 635 3040 nostre
649 2962 795 3028 defensio
810 2964 968 3028 audiatur
982 2969 1074 3026 tonto

107 3072 110 3075 ’
163 3066 305 3149 silentio,
315 3072 398 3131 tuno
412 3066 512 3132 Iunio
524 3068 721 3132 defendendi
737 3068 789 3133 sui
804 3074 946 3153 potestas
961 3072 1074 3149 erepta

162 3171 233 3237 sit?
272 3171 360 3251 Quia
382 3178 457 3237 tum
482 3173 519 3238 in
545 3194 645 3238 cause
667 3174 752 3237 nihil
776 3179 847 3237 erat
870 3177 1000 3259 praeter
1025 3169 1073 3232 in-

74 3343 77 3347 ,
160 3279 297 3359 vidiam,
320 3299 477 3360 errorem,
500 3279 729 3363 suspicionem,
752 3278 918 3342 contiones
940 3274 1073 3339 cotidie
1147 3282 1150 3287 ’

160 3410 222 3454 nus
237 3390 397 3454 seditione
414 3410 453 3454 ae
472 3389 675 3474 populariter
697 3388 884 3452 concitatas.
930 3383 1073 3447 Aoousu-
1153 3458 1154 3461 Ἴ

160 3494 219 3559 bat
241 3494 396 3559 tribunus
407 3495 520 3579 plebis
533 3494 623 3559 idem
636 3494 673 3557 in
689 3491 907 3569 contionibus,
922 3489 1012 3551 idem
1030 3484 1072 3550 ad

161 3600 339 3666 subsellio:
371 3601 414 3664 ad
439 3601 604 3665 iudicium
628 3620 696 3664 non
719 3596 816 3661 modo
843 3595 883 3658 de
910 3593 1073 3675 contione,
