2667 4034
259 288 296 347 10
477 301 541 345 ruo
562 301 594 345 a.
616 300 779 343 cruunrro
802 299 933 341 onar1o.

301 471 355 537 17.
379 471 519 538 Initium
541 471 630 556 quod
651 471 731 536 huic
752 490 830 535 cum
851 477 958 537 matre
973 470 1074 537 fuerit
1089 472 1165 537 sim-

257 578 372 643 ultatis
383 578 533 643 audistis.
573 578 778 643 Pertinuisse
793 578 856 643 hoo
871 578 914 641 ad
929 597 1064 642 causam
1078 584 1165 659 tum,

257 706 364 768 quum
374 683 948 768 reliquacognoveritis,intelligetis.
981 682 1166 748 Namillud

257 811 312 855 me
334 811 401 855 non
422 790 590 875 praeterit,
608 789 847 873 cuiuscumque
870 788 960 855 modi
983 789 1026 855 ait
1047 796 1166 871 mater,

258 902 371 962 mmen
385 895 423 960 in
436 896 560 961 iudicio
574 895 636 959 filii
650 896 692 960 de
711 894 920 980 turpitudine
939 896 1084 979 parentis
1101 896 1167 967 dici

258 1002 316 1067 vix
331 1006 492 1087 oportere.
537 1001 614 1067 Non
629 1021 736 1067 essem
755 1001 798 1065 ad
820 1001 925 1069 ullam
949 1020 1083 1065 causam
1098 1002 1168 1065 ido-

258 1128 354 1189 neus,
371 1107 510 1189 iudices,
525 1107 554 1173 si
568 1108 642 1189 hoc,
657 1107 748 1191 quod
766 1106 803 1171 in
817 1106 1048 1171 communibus
1064 1106 1168 1170 homi-

259 1236 343 1281 num
368 1215 515 1281 sensibus
542 1220 641 1297 atque
666 1214 739 1297 ipsa
757 1219 878 1279 natura
901 1212 1046 1297 positum
1067 1218 1168 1295 atquo

258 1320 403 1386 infixum
425 1326 486 1403 est,
509 1320 546 1385 id
572 1340 644 1403 ego,
666 1319 725 1404 qui
752 1318 795 1383 ad
819 1318 993 1383 hominum
1019 1317 1169 1402 pericula

260 1427 454 1513 depellenda
475 1427 685 1510 adiungerer,
700 1446 767 1490 non
788 1425 946 1489 viderem.
992 1424 1104 1489 Facile
1119 1423 1169 1487 in·-

259 1535 372 1618 telligo
386 1555 455 1599 non
468 1534 567 1599 modo
573 1533 720 1597 reticere
731 1532 879 1597 homines
890 1537 1066 1617 parentum
1081 1530 1169 1595 iniu-

260 1640 338 1719 rias,
350 1639 407 1703 sed
429 1639 531 1703 etiam
551 1638 662 1703 animo
681 1658 785 1721 aequo
796 1638 882 1703 serre
901 1643 1061 1722 oportere.
1101 1635 1168 1700 Sed

261 1765 322 1828 ego
337 1764 385 1823 ea,
400 1763 485 1828 quae
505 1744 583 1809 ferri
603 1750 752 1829 possunt,
766 1743 920 1809 ferenda:
944 1763 1029 1827 quae
1052 1741 1167 1823 taceri,

260 1851 401 1916 tacenda
430 1870 500 1915 esse
529 1851 681 1917 arbitror.
727 1850 781 1914 18.
803 1849 897 1914 Nihil
926 1849 962 1913 in
988 1848 1058 1911 uita
1083 1847 1169 1913 vidit

262 1957 457 2022 calamitatis
472 1957 514 2021 A.
533 1957 719 2038 Cluentius,
733 1955 867 2021 nullum
883 1953 1068 2039 periculum
1081 1974 1168 2018 mor-

261 2064 304 2128 tis
330 2063 424 2145 adiit,
443 2063 528 2127 nihil
553 2062 633 2128 mali
659 2062 784 2143 timuit,
807 2060 896 2145 quod
920 2080 988 2125 non
1014 2065 1169 2124 totuma

258 2179 368 2239 matre
390 2179 474 2239 esset
494 2173 677 2239 conflatum
699 2180 734 2238 et
755 2172 949 2258 profectum.
997 2169 1089 2247 Quae
1106 2170 1169 2235 hac

261 2287 407 2365 tempore
422 2278 533 2344 sileret
554 2279 676 2359 omnia,
692 2286 791 2361 atque
811 2297 861 2357 ea,
871 2276 906 2341 si
920 2271 1085 2342 ¹oblivione
1101 2296 1170 2341 non

259 2392 381 2473 posset,
396 2392 509 2451 tamen
532 2384 758 2449 taciturnitate
777 2403 841 2457 sua
859 2388 946 2449 tecta
961 2402 1029 2447 esse
1045 2388 1169 2468 patere-

261 2501 337 2559 tur:
363 2495 421 2559 sed
434 2513 513 2558 vero
528 2492 573 2557 sic
588 2492 710 2575 agitur,
725 2496 766 2555 ut
780 2511 913 2575 prorsus
929 2490 1059 2555 reticeri
1074 2488 1169 2565 nullo

262 2601 360 2665 modo
386 2600 498 2683 possit.
544 2597 618 2662 Hoc
648 2597 738 2661 enim
766 2596 876 2680 ipsum
904 2588 1079 2677 iudiciuin,
1106 2594 1169 2661 hoc
1253 2647 1255 2651 .

262 2704 460 2788 periculum,
483 2702 542 2767 illa
567 2702 745 2783 accusatio,
772 2702 878 2767 omnis
905 2702 1041 2767 testium
1065 2700 1170 2784 copia,

262 2829 347 2893 qnae
372 2809 488 2873 futura
513 2813 574 2889 est,
597 2828 617 2872 a
639 2815 744 2874 matre
766 2808 861 2873 initio
885 2815 936 2873 est
958 2808 1128 2887 adornata,
1150 2827 1171 2871 a

262 2922 368 2979 matre
382 2915 445 2979 hoc
459 2920 606 2998 tempore
620 2914 802 2996 instruitur
814 2921 913 2998 atque
928 2912 1081 2979 omnibus
1097 2913 1170 2976 eius

262 3021 378 3105 opibus
393 3027 427 3085 et
442 3020 544 3104 copiis
559 3027 779 3105 comparatur.
815 3020 892 3105 lpsa
907 3020 1049 3103 deniqne
1064 3039 1171 3103 nuper

261 3126 384 3193 Larino
407 3126 509 3191 huius
531 3126 737 3212 opprimendi
763 3145 863 3191 causa
878 3125 1019 3191 Romam
1041 3110 1171 3189 aduola-

262 3234 332 3298 vit:
356 3240 487 3319 praesto
507 3239 557 3299 est
575 3233 698 3297 mulier
713 3233 835 3314 audax,
851 3232 1039 3317 pecuniosa,
1054 3230 1172 3295 crude-

262 3340 322 3405 lis:
340 3342 485 3405 instituit
500 3348 717 3421 accusatores
732 3341 868 3405 instruit
882 3346 1000 3405 testes:
1019 3338 1172 3421 squalore

263 3445 364 3509 huius
395 3452 428 3509 et
458 3446 609 3509 sordibus
637 3446 807 3510 laetatur:
841 3445 981 3511 exitium
1010 3449 1170 3529 exoptat:

265 3550 461 3629 sanguinem
483 3569 584 3613 suum
602 3548 802 3633 profundere
818 3570 949 3615 omnem
973 3550 1077 3635 cupit,
1089 3549 1173 3615 dum
