2667 4034
406 329 912 396 cnr.n1v.-1,v.§§l‹l8-152.
1069 331 1105 387 81
1189 385 1191 390 ,
1316 298 1318 302 ¹

199 538 267 584 uon
282 504 456 601 oportere?
499 515 608 593 Quam
622 515 730 580 multa
745 518 824 579 sunt
838 514 1021 596 commoda,
1037 515 1107 599 qui-

198 624 261 687 bus
290 643 451 702 caremus,
474 641 576 704 quam
601 621 710 684 multa
731 620 870 684 molesta
892 625 926 684 et
951 620 1108 702 difficilia,

198 749 285 813 quae
300 726 468 793 subimus!
489 732 589 810 atque
603 727 687 790 haec
701 725 814 790 omnia
829 733 961 790 tantum
975 726 1108 791 honoris

198 841 234 900 ct
259 833 487 918 amplitudinis
513 831 686 897 commodo
713 839 976 916 compensantur.
1025 831 1108 895 Oon·

198 947 290 1004 verte
312 959 402 1002 nunc
418 937 461 1002 ad
476 943 663 1021 equestrem
684 936 835 1002 ordinem
856 943 956 1021 atque
979 938 1015 1002 111
1038 957 1107 1002 eae

197 1051 286 1109 teros
300 1043 431 1108 ordines
447 1043 581 1132 easdem
595 1044 683 1108 vitae
699 1043 906 1108 condiciones
922 1067 929 1107 :
952 1063 1019 1108 non
1037 1064 1108 1128 per-

197 1151 324 1214 ferent:
351 1155 472 1234 putant
494 1150 584 1214 enim
606 1149 717 1214 minus
741 1149 863 1214 multos
888 1150 949 1214 sibi
971 1150 1107 1234 laqueos

197 1258 313 1341 legum
332 1265 367 1329 et
390 1257 622 1322 condicionum
644 1277 683 1321 ac
704 1257 905 1321 iudiciorum
926 1257 1106 1341 propositos

198 1383 267 1428 esse
290 1369 451 1447 oportere,
474 1363 533 1446 qui
556 1383 726 1427 summum
748 1361 860 1426 locum
883 1363 1024 1426 civitatis
1048 1368 1108 1426 aut

197 1490 265 1535 non
295 1476 477 1554 potuerunt
514 1469 690 1535 ascendero
703 1481 705 1486 '
720 1475 780 1534 aut
809 1490 877 1534 non
906 1470 1105 1554 petiverunt.

197 1574 274 1640 151.
299 1576 410 1660 Atque
425 1581 466 1641 ut
481 1576 632 1641 omittam
645 1576 734 1660 leges
751 1575 831 1640 alias
847 1596 971 1656 omnes,
983 1576 1107 1662 quibus

197 1703 258 1748 nos
273 1689 437 1764 tenemur,
454 1683 575 1748 caeteri
598 1689 710 1746 autem
727 1688 805 1746 sunt
820 1666 950 1747 ordines
964 1682 1111 1779 liberati,-

196 1788 284 1852 hane
305 1789 411 1873 ipsam
432 1789 558 1873 legem:
583 1788 633 1852 Ne
654 1805 729 1862 oms
744 1805 872 1852 rumore
888 1805 1106 1853 oracunvsur-

196 1911 315 1976 aaran,
332 1893 369 1958 0.
396 1893 565 1960 Gracchus
587 1894 684 1960 tulit:
710 1915 783 1960 eam
805 1894 913 1978 legem
928 1916 986 1979 pro
1001 1895 1106 1979 plebe,

198 2002 323 2066 nonin
345 2000 474 2085 plebem
497 2000 587 2064 tulit.
633 2001 752 2066 Postea
774 2000 813 2064 L.
839 1998 943 2082 Sulla,
965 2001 1064 2065 homo
1087 2021 1107 2065 a

198 2107 312 2192 populi
327 2126 427 2170 causa
448 2107 698 2187 remotissimus,
713 2111 837 2187 tamen,
853 2127 958 2189 quum
973 2107 1043 2170 eius
1059 2107 1106 2170 rei

198 2212 424 2295 quaestionem
446 2212 509 2276 hac
530 2212 601 2296 ipsa
621 2211 695 2295 lege
717 2211 943 2292 constitueret,
961 2231 1028 2294 qua
1049 2232 1106 2276 vos

197 2319 261 2382 hoc
276 2325 423 2402 tempore
437 2319 602 2400 iudicatiS,
617 2319 779 2404 populum
794 2317 994 2399 Romanum,
1006 2339 1106 2401 quem

198 2425 240 2490 ab
263 2425 326 2490 hoe
349 2445 469 2508 genere
491 2425 636 2490 liberum
655 2431 836 2509 acceperat,
853 2427 998 2509 adligare
1021 2446 1106 2490 novo

198 2531 398 2614 quaestionis
420 2551 540 2614 genere
562 2551 664 2595 ausus
686 2545 755 2596 non
774 2537 833 2594 est.
862 2527 863 2531 ’
881 2530 977 2608 Quod
993 2532 1020 2594 si
1034 2531 1106 2596 fieri

197 2657 291 2733 posse
313 2637 541 2718 existimasset,
556 2657 616 2722 pro
638 2637 696 2702 illo
719 2637 804 2718 odio,
822 2637 911 2721 quod
933 2638 1049 2702 habuit
1070 2639 1106 2703 in

198 2749 385 2825 equestrem
400 2743 561 2822 ordinem,
576 2743 661 2807 nihil
676 2744 806 2808 fecisset
819 2743 989 2825 libentius,
1005 2766 1106 2828 quam

80 2892 85 2900 -
197 2867 331 2933 omnem
344 2848 437 2913 illam
452 2849 664 2914 acerbitatem
679 2851 923 2935 proscriptionis
940 2871 1029 2932 suae,
1040 2873 1106 2934 qua

198 2959 248 3017 est
261 2975 344 3018 usus
365 2955 401 3019 in
423 2962 550 3020 veteres
572 2956 709 3038 iudices,
725 2957 760 3020 in
782 2957 868 3021 hano
891 2977 995 3020 unam
1010 2977 1106 3038 quac-

198 3060 338 3124 stionem
360 3062 563 3126 contulisset.
610 3062 686 3126 152.
711 3063 781 3128 Nec
807 3082 897 3126 nune
922 3062 1106 3145 quidquam
1139 3138 1142 3144 Ι

197 3166 455 3249 agitur—mihi
476 3168 612 3250 credite,
634 3169 772 3250 indicae,
801 3175 834 3232 et
860 3167 1033 3253 prospicite
1059 3168 1105 3248 id,
1140 3151 1143 3158 ¹

196 3272 288 3354 quod
311 3274 554 3357 providendum
577 3275 767 3355 est,—nisi
789 3280 830 3338 ut
854 3279 1005 3357 equester
1025 3273 1105 3338 ordo

196 3378 232 3442 in
246 3378 386 3445 huiusce
400 3379 483 3463 legis
504 3380 692 3465 periculum
714 3379 942 3444 concludatur.
989 3378 1104 3463 Neque

195 3485 259 3549 hoc
286 3485 397 3568 agitur
420 3487 461 3550 ab
485 3486 650 3566 omnibus,
676 3485 732 3550 sed
757 3505 776 3550 a
800 3487 924 3570 paucis.
971 3484 1058 3549 Nam
1081 3486 1105 3548 ii

196 3597 376 3675 senatores,
405 3593 463 3676 qui
494 3612 528 3657 se
558 3590 655 3656 facile
685 3597 825 3656 tuentur
854 3591 1042 3672 integritate
1072 3597 1105 3655 et
