2667 4034
235 305 275 364 44
408 344 411 349 -
457 318 522 374 rae
542 317 575 361 a,
596 316 761 362 caucana
785 316 917 362 nanno.

279 491 453 557 Versatam
483 508 553 555 esse
577 490 614 554 in
639 489 764 555 iudicio
790 488 967 574 pecuniam
992 495 1147 557 constat:-

235 616 275 661 ea
303 596 476 680 quaeritur
504 597 595 661 unde
623 595 771 680 profecta
800 596 854 677 sit,
881 596 921 659 ab
952 602 1143 661 accusatore

234 722 278 767 an
307 701 348 766 ab
378 722 446 767 reo·
502 701 594 767 Dicit
619 707 795 793 accusator
823 702 923 767 haec:
956 702 1143 767 “Primum

234 808 434 893 gravissimis
455 808 648 873 criminibus
670 807 876 888 accusabam,
890 814 932 873 ut
952 806 1037 873 nihil
1058 829 1142 892 opus

234 921 320 979 esset
332 914 491 998 pecunia:
515 912 635 977 deinde
647 912 906 978 condemnatum
925 913 1142 996 adducebam,

232 1025 341 1084 utne
365 1019 448 1103 cripi
475 1018 613 1102 quidem
637 1018 778 1103 pecunia
805 1024 935 1103 posset:
965 1026 1142 1104 postremo,

233 1124 363 1189 etiamsi
384 1124 555 1189 absolutus
573 1130 670 1206 esset,
685 1144 837 1189 mearum
858 1130 970 1190 tamen
991 1127 1141 1191 omnium

232 1229 443 1295 fortunarum
459 1236 578 1316 ⁸status
606 1229 782 1294 incolumia
811 1229 996 1297 maneret.'’
1052 1230 1141 1309 Quid

233 1333 348 1401 contra
376 1335 480 1402 reusl
537 1336 722 1401 “Primum
751 1336 857 1420 ipsam
888 1337 1142 1403 multitudinem

233 1443 410 1507 criminum
429 1450 464 1509 ct
483 1442 690 1507 eaecitatem
709 1442 997 1527 pertimescebam:
1021 1444 1141 1511 deinde

232 1546 390 1613 Fabriciis
413 1558 547 1633 propter
569 1547 805 1613 conscientiam
825 1547 893 1613 mei
915 1548 1044 1615 sceleris
1066 1570 1141 1615 con-

233 1650 395 1717 demnetis
412 1674 467 1720 me
480 1674 551 1719 esse
570 1653 829 1719 condemnatum
846 1653 1045 1721 sentiebam:
1069 1676 1141 1741 pos·

232 1762 340 1823 treme
353 1758 390 1821 in
404 1778 484 1823 eum
498 1778 613 1822 casum
625 1777 792 1840 veneram,
807 1764 848 1823 ut
865 1760 971 1825 omnis
988 1780 1141 1829 mearum

232 1863 445 1929 femmarum
467 1869 572 1927 statim
596 1864 698 1933 unius
723 1864 838 1929 iudicii
863 1864 1010 1949 periculo
1038 1868 1142 1931 couti·

232 1970 403 2036 neretur.'’

276 2075 330 2140 82.
352 2076 437 2161 Age,
456 2078 613 2162 quoniam
634 2078 867 2169 corrumpendi
887 2078 1003 2145 iudicii
1023 2101 1140 2155 causes

231 2182 290 2248 ille
318 2183 443 2249 multas
471 2191 647 2269 etgraves
672 2184 879 2266 l1abuit‚hic
904 2185 1044 2268 nullam,
1066 2208 1140 2272 pro-

231 2292 331 2357 fectio
344 2292 448 2377 ipsius
461 2292 621 2377 pecuniae
635 2292 837 2375 requiratur.
877 2292 1027 2359 Confecit
1045 2294 1139 2358 tabu-

231 2396 281 2461 las
310 2398 559 2482 diligentissime
589 2398 777 2463 Cluentius.
821 2398 915 2465 Haec
944 2405 1057 2465 autem
1085 2420 1138 2467 rea

231 2503 331 2568 habet
345 2504 407 2570 hoc
418 2511 518 2586 certe,
529 2512 570 2569 ut
581 2504 666 2569 nihil
677 2505 901 2589 possitneque
917 2505 1069 2570 additum
1083 2527 1139 2571 nc·

231 2628 297 2692 que
312 2609 499 2674 detractum
513 2610 554 2675 de
568 2631 605 2675 re
619 2610 775 2675 familiari
794 2610 908 2677 latere.
953 2610 1044 2677 Anni
1059 2618 1139 2679 sunt

232 2720 317 2795 octo,
332 2735 438 2797 quum
459 2714 524 2779 ista
545 2736 646 2781 causa
666 2717 704 2781 in
723 2716 787 2783 ista
803 2714 1018 2787 meditatione
1031 2738 1138 2783 versa·

231 2827 300 2900 tur,
315 2840 421 2902 quum
440 2821 563 2903 omnia,
577 2842 663 2905 quae
679 2822 723 2887 ad
737 2844 812 2889 eam
825 2844 897 2889 rem
911 2825 1090 2908 pertinent,
1104 2831 1139 2890 et

231 2946 273 2989 ex
295 2926 397 2990 huius
412 2932 502 2993 etex
516 2928 660 2994 alierum
681 2929 804 2995 tabidis
818 2930 962 3013 agitatis,
977 2931 1138 3013 tractatis,

230 3033 415 3118 inquiritis:
442 3054 548 3119 quum
576 3036 704 3101 interea
733 3036 950 3103 Cluentianae
979 3038 1138 3121 pecuniae

229 3141 406 3225 vestigium
427 3141 561 3207 nullum
583 3143 750 3207 invenitis.
797 3142 898 3225 Quid,
919 3143 1063 3210 Albiana
1084 3166 1138 3229 pc-

153 3292 157 3300 .
230 3248 330 3311 cunia
361 3249 550 3331 vestigiisne
586 3250 681 3314 nobis
722 3249 890 3315 odoranda
927 3256 977 3315 est
1014 3270 1058 3315 an
1094 3251 1137 3315 ad
1223 3334 1227 3342 ι
1322 3292 1323 3315 r

229 3351 340 3434 ipsum
367 3354 476 3419 cubile
504 3355 595 3420 vobis
625 3354 765 3419 ducibus
794 3357 1135 3445 venirelpossumusl
1174 3415 1178 3421 .

229 3454 485 3522 Tenentur'uno
500 3458 537 3521 in
554 3457 626 3523 loco
645 3458 706 3523 HS
727 3476 846 3528 lacn:
871 3469 1028 3529 tenentur
1047 3464 1137 3549 apud

230 3556 397 3624 hominem
411 3562 688 3629 audacissimumz
703 3571 861 3633 tenentur
875 3568 964 3653 apud
979 3570 1135 3655 iudicem.
1212 3578 1216 3585 ’
