2667 4034
251 278 254 282 “
369 269 953 336 car.1.x'v11.-1.xrx.§§192-196.
1056 271 1112 328 103

205 452 340 538 placari.
387 451 492 517 (luins
512 471 574 536 ego
591 451 737 516 furorem
759 458 860 536 atque
881 454 1114 520 crudelitatem

205 557 284 621 deos
298 553 502 621 immortales
512 576 534 620 a
544 556 613 620 suis
625 557 691 620 aris
703 563 805 651 atque·
817 558 948 642 templis
963 579 1112 643 asperna-

205 669 256 728 tos
271 682 340 728 esse
355 661 495 728 conlido.
541 661 668 726 LXIX.
693 661 768 728 195.
791 663 862 728 Vos
876 665 1015 746 iudices,
1029 687 1112 748 quos

203 769 283 832 hnic
294 768 335 832 A.
350 767 506 832 Cluentio
520 767 602 832 alios
618 768 696 832 deos
711 770 753 833 ad
768 790 864 834 omne
878 771 966 834 vitae
982 777 1112 856 tempus

203 873 338 938 fortuna
352 893 423 938 esse
436 872 555 954 voluit,
570 873 672 938 huius
692 873 976 958 importunitatem
997 878 1112 941 matris

202 998 225 1042 a
238 978 301 1042 filii
315 978 421 1061 eapite
437 978 600 1062 depellite.
646 977 747 1044 Multi
770 1000 866 1064 saepe
882 980 918 1044 in
932 981 1111 1047 iudicando

203 1093 337 1169 peecata
349 1084 494 1160 liberum
508 1090 685 1168 parentum
694 1085 936 1151 misericordiae
947 1107 1111 1152 concesse-

202 1195 303 1254 runt:
337 1208 395 1254 vos
421 1210 463 1255 ne
489 1190 591 1254 huius
618 1190 848 1256 honestissime
874 1197 982 1256 actam
1007 1193 1111 1257 vitam

202 1296 521 1363 matrisorudelitati
535 1297 728 1362 condonetis
742 1317 909 1380 rogamus,
918 1293 1111 1382 praesertim

202 1423 309 1486 quum
326 1422 369 1468 ex
391 1401 496 1467 altera
517 1408 611 1486 parte
633 1397 743 1468 totum
765 1403 984 1486 municipium
998 1404 1110 1468 videre

151 1577 153 1581 ,
201 1508 342 1593 possitis.
402 1507 524 1573 Omnes
547 1508 681 1589 scitote,
710 1508 1109 1590 indices—incredibile

202 1613 295 1678 dictu
319 1619 382 1696 est,
409 1613 466 1678 sed
493 1633 514 1678 a
537 1602 782 1680 me'rerissime
805 1614 1109 1680 dicetur—omnes

201 1718 384 1801 Larinates,
393 1720 453 1802 qui
463 1719 787 1802 valueruntssnisse
802 1719 953 1802 Romam,
966 1726 1005 1784 ut
1019 1721 1109 1786 hune

200 1825 312 1890 studio
322 1825 574 1909 frequentiaque
583 1847 645 1890 sua
653 1832 818 1910 quantum
828 1832 960 1911 possent
970 1827 1006 1890 in
1015 1833 1108 1892 tante

200 1930 272 1996 eius
287 1930 434 2014 periculo
450 1931 670 1996 sublevarent.
716 1931 833 1996 Pueris
848 1932 933 1996 illud
950 1933 1013 1997 hoc
1027 1939 1108 1996 tem-

200 2057 279 2120 pere
293 2043 328 2102 et
344 2036 540 2102 mulieribus
555 2037 712 2121 oppidum
723 2037 838 2101 scitote
850 2057 919 2101 esse
934 2038 1107 2118 traditum,

199 2143 300 2226 idque
325 2143 361 2208 in
390 2143 586 2226 praesentia,
614 2142 783 2207 communi
811 2141 927 2206 Italiae
954 2144 1045 2226 pace,
1071 2144 1107 2206 in

200 2248 388 2314 domesticis
402 2249 503 2333 copiis
520 2252 591 2314 esse
608 2254 733 2313 tutum.
781 2247 871 2325 Quos
891 2253 1003 2312 tamen
1020 2247 1107 2330 ipsos

199 2373 303 2438 aeque
325 2360 359 2419 et
381 2375 447 2436 eos,
462 2375 546 2438 quos
567 2361 756 2439 praesentes
776 2353 906 2433 videtis,
929 2353 1029 2418 huius
1052 2373 1107 2425 es·
1168 2429 1171 2434 ¹

198 2460 355 2543 spectatio
366 2460 482 2524 iudicii
491 2461 561 2524 dies
571 2466 748 2542 noctesque
760 2458 924 2522 sollicitat.
942 2456 1016 2522 196.
1030 2458 1106 2523 Non

197 2566 248 2630 illi
266 2587 323 2632 vos
343 2567 385 2632 de
405 2567 507 2632 unius
529 2566 705 2650 municipis
727 2565 869 2630 fortunis
891 2565 1105 2646 arbitrantur,

198 2673 256 2738 sed
277 2673 317 2737 de
339 2673 442 2738 totins
464 2673 637 2757 municipii
658 2677 760 2752 statu,
783 2671 943 2754 dignitate
965 2691 1106 2736 commo-

198 2778 314 2862 disque
329 2779 482 2844 emnibus
500 2778 678 2844 sententias
696 2797 765 2842 esse
782 2776 920 2845 laturos.
967 2776 1106 2844 Summa
1175 2755 1188 2782 ⁸

118 2885 127 2901 ’
170 2875 247 2949 'est
276 2884 376 2965 enim,
402 2883 708 2965 iudices,.hominis
737 2883 774 2947 in
798 2904 1007 2951 communem
1032 2905 1105 2950 mu-

195 2990 309 3074 nicipii
345 3010 416 3054 rem
449 2990 633 3074 diligentia,
670 2990 706 3054 in
741 2988 890 3071 singulos
922 2988 1104 3069 municipes

194 3096 392 3180 benignitas,
415 3098 452 3160 in
478 3118 592 3162 omnes
620 3096 770 3161 homines
798 3093 926 3156 iustitie
950 3098 985 3159 et
1010 3090 1102 3155 fides.

194 3201 373 3268 Praeterea
391 3204 598 3270 nobilitatem
617 3203 712 3266 illam
730 3201 818 3264 inter
833 3219 909 3262 suos
927 3197 1103 3278 locumque
1215 3197 1220 3241 ἵ

195 3310 420 3392 αιιηαίοτίδιιε
450 3310 613 3400 traditum
641 3308 689 3371 sic
717 3309 845 3384 tuetur,
871 3309 911 3367 ut
940 3301 1104 3369 maiorum

194 3417 403 3498 gravitatem,
430 3416 660 3493 constantiam,
690 3410 841 3494 gratiam,
870 3407 1103 3473 liberalitatem

195 3523 409 3606 adsequatur.
453 3521 573 3605 Itaque
592 3519 634 3584 iis
653 3537 733 3582 eum
752 3514 859 3580 verbis
881 3512 1014 3598 publice
1033 3510 1103 3578 lau·
1215 3595 1218 3600 Ι
