2667 4034
340 311 410 354 111.
431 283 657 352 111111-11111.
698 294 730 360 ἐξ
747 292 909 350 ito-180.
1038 295 1075 353 95

168 483 371 549 incolumem
399 480 507 545 filium
533 481 602 546 sore
632 481 782 564 putabat,
813 481 855 544 ad
880 501 980 565 quem
1009 502 1076 546 non

168 590 267 653 modo
282 608 401 652 verum
415 587 551 667 crimen,
564 587 621 650 sod
635 607 678 650 111
693 587 771 651 ficta
786 587 921 669 quidem
936 587 1077 670 suspicio

168 695 355 779 perveniret
378 699 412 757 et
434 693 489 757 cui
513 714 581 757 non
604 692 702 757 modo
727 699 841 776 aperta
866 692 1077 757 inimicorum

169 799 382 883 oppugnatio,
398 798 456 863 sed
475 817 518 861 ne
533 797 682 862 occultae
697 798 833 880 quidem
848 798 963 862 matris
978 797 1077 861 insid-

168 905 219 968 iae
235 925 352 968 noeere
368 903 560 988 potuissent.
606 902 768 966 Larinum
785 909 959 987 postquam
974 903 1076 983 venit,

168 1031 255 1094 quae
271 1031 291 1074 a
307 1009 459 1074 Stratone
474 1008 532 1073 illo
545 1029 711 1073 venenum
734 1015 831 1072 antea
845 1009 916 1073 viro
939 1030 999 1073 suo
1022 1009 1076 1072 da-

169 1125 245 1180 tum
268 1116 328 1180 sibi
352 1136 548 1200 persuasum
568 1135 639 1180 1111
662 1115 858 1196 simulasset,
881 1115 1077 1180 instructam

170 1224 202 1287 11
224 1223 380 1287 continuo
402 1228 436 1286 11
461 1227 613 1286 ornatam
638 1220 753 1285 Larini
778 1221 962 1284 medicinae
986 1241 1077 1284 exer·

114 1345 120 1356 ’
170 1328 294 1393 cendae
309 1347 410 1392 eausa
424 1327 595 1392 tabernam
606 1326 709 1391 dedit.
748 1324 873 1388 LXIV.
894 1324 1021 1406 Unum,
1032 1324 1077 1388 al-

168 1441 292 1514 terum,
304 1434 442 1498 tertium
457 1453 584 1497 annum
604 1431 714 1496 Sassia
727 1432 926 1514 quiescebat,
938 1438 979 1495 ut
992 1430 1076 1496 vello

170 1546 270 1624 atque
286 1548 398 1624 optare
414 1539 540 1623 aliquid
555 1539 751 1604 calamitatis
768 1538 838 1603 filio
852 1539 961 1622 potius
976 1559 1077 1621 quarn

170 1648 207 1711 id
222 1654 348 1711 struere
364 1651 397 1710 11
411 1645 522 1709 moliri
532 1644 711 1709 videretur.
744 1643 819 1709 179.
841 1644 930 1707 Tum
944 1644 1077 1708 1111111111

170 1753 348 1818 Hortensio
365 1751 404 1829 Q.
419 1751 552 1816 Metello
567 1751 769 1832 consulibua,
779 1757 819 1814 111
832 1751 923 1814 bunc
939 1733 1076 1834 Oppian-

170 1860 261 1924 icum
275 1858 368 1923 aliud
384 1862 538 1941 agentem
548 1876 587 1920 ae
598 1857 681 1921 nihil
693 1857 763 1922 eius
775 1857 866 1922 modi
877 1857 1076 1940 cogitantem

171 1966 213 2029 ad
228 1967 313 2030 hanc
324 1964 567 2032 accusationem
578 1964 776 2046 detraheret,
788 1965 891 2028 inrito
904 1964 1076 2048 despondit

170 2073 201 2136 11
215 2072 318 2136 filiam
333 2093 439 2153 suam,
455 2072 559 2154 illam,
569 2093 670 2154 quam
685 2092 727 2135 ex
742 2091 863 2154 genero
878 2079 1075 2154 susceperat,

169 2187 210 2244 ut
220 2199 297 2242 eum
312 2164 436 2262 nuptiis
452 2179 637 2260 adligatum
652 2176 752 2241 simul
767 2183 802 2240 et
816 2176 1004 2240 testamenti
1020 2197 1075 2258 spe

170 2286 360 2350 devinctum
377 2291 486 2369 posset
503 2284 624 2348 babere
643 2284 680 2347 in
700 2289 871 2367 potestate.
916 2279 990 2346 Hoc
1004 2282 1075 2365 ipso

169 2391 237 2456 sero
252 2397 398 2474 tempore
414 2389 525 2454 Strato
539 2390 596 2454 illc
611 2388 759 2454 medicus
775 2388 864 2454 domi
879 2389 1008 2452 furtum
1030 2388 1074 2453 se

168 2499 215 2564 111
229 2505 264 2563 11
278 2498 412 2562 caedem
427 2498 499 2561 eius
514 2497 615 2586 modi.
660 2494 775 2572 Quum
790 2503 874 2560 esset
887 2496 923 2558 in
939 2495 1074 2559 aedibus

168 2605 360 2685 armarium,
375 2605 411 2668 in
426 2625 492 2688 quo
513 2605 612 2668 sciret
633 2623 703 2668 usse
726 2625 906 2667 numerum
928 2603 1075 2686 aliquan-

167 2719 241 2776 tum
252 2716 286 2775 11
297 2710 382 2791 auri,
392 2710 586 2775 noetuduos
598 2730 771 2775 conservos
783 2710 980 2774 dormientes
992 2711 1074 2774 occi·
1161 2734 1168 2744 ,

167 2817 217 2881 dit
230 2817 267 2881 in
281 2816 506 2900 piscinamque
522 2815 658 2881 deiecit:
690 2816 759 2901 ipse
782 2817 915 2881 armarii
930 2817 1073 2881 fundum

166 2924 324 3002 exsecuit,
340 2929 374 2988 11
389 2922 448 2986 HS
463 2971 565 2987 .....
583 2929 616 2988 11
631 2923 706 2986 auri
727 2925 874 3006 quinque
892 2924 1000 3006 pondo
1019 2915 1072 2987 ab·

165 3029 270 3108 1111111,
290 3049 358 3092 uno
381 3048 424 3092 111
448 3029 548 3092 servis
570 3050 674 3113 puero
699 3051 767 3093 non
789 3029 907 3111 grandi
931 3029 1069 3092 conscio.

164 3134 240 3197 180.
270 3133 377 3198 Furto
398 3134 554 3218 postridie
576 3137 708 3218 cognito
738 3134 843 3198 omnis
870 3132 1009 3214 suspicio
1034 3132 1071 3195 in

162 3260 218 3304 eos
233 3259 355 3320 servos,
371 3241 429 3324 qui
451 3262 518 3306 non
534 3241 778 3325 comparebant,
793 3236 1069 3303 commovebatur.

164 3345 279 3423 Quum
295 3348 445 3412 'exsectio
465 3346 522 3411 illa
541 3347 638 3410 fundi
657 3347 694 3409 in
713 3345 854 3409 armario
869 3341 1072 3407 animadver-

163 3459 302 3534 teretur,
319 3453 522 3536 quaerebant
543 3452 693 3516 bomines
713 3470 858 3534 quonam
879 3447 977 3512 modo
998 3446 1071 3510 fieri

163 3561 335 3644 potuisset.
382 3558 527 3636 Quidam
541 3577 583 3621 ex
599 3557 713 3620 amieis
737 3555 862 3619 Sassiae
880 3553 1070 3619 reeordatus
