2667 4034
406 324 478 366 car.
499 324 663 366 vra-vm.
706 310 737 377 ἐς
753 310 875 367 21-25.
1058 314 1094 371 13

187 498 222 557 et
248 492 399 584 auglacia,
421 513 481 577 per
505 494 685 579 quemdam
713 488 934 577 Gallicanum,
956 496 1096 561 familia·

187 618 264 663 rem.
283 619 394 679 suum,
413 599 560 684 primum
582 599 680 665 illum
699 600 845 664 indicem
864 603 1004 686 pecunia
1026 623 1094 667 cor-

187 705 300 789 rupit:
324 705 444 769 deinde
458 706 570 789 ipsum
583 705 730 769 Aurium
747 726 815 770 non
829 728 951 790 magna
964 708 1093 773 iactura

187 810 275 874 facta
293 811 479 875 tollendum
497 810 829 895 interficiendumque
852 813 991 878 curavit.
1037 813 1093 877 Illi

187 924 312 999 autem,
326 918 385 1001 qui
401 923 496 981 erant
517 917 560 981 ad
582 919 806 1003 propinquum
827 919 1093 1004 investigandum

186 1030 221 1088 et
249 1024 513 1109 recuperandum
537 1025 688 1109 profecti,
710 1025 842 1090 litteras·
862 1024 1023 1093 Larinum
1049 1029 1092 1093 ad

186 1130 309 1194 Aurios
322 1130 414 1195 illius
428 1131 643 1196 adolescentis
654 1153 797 1215 suosque
808 1134 1007 1198 necessarios
1017 1135 1092 1199 mit·

185 1231 276 1315 tunt,
302 1236 363 1301 sibi
390 1236 556 1302 difficilem
581 1258 651 1302 csse
677 1238 895 1321 investigandi
918 1240 1092 1321 rationem,

187 1342 276 1425 quod
289 1340 512 1426 intelligerent
525 1343 671 1408 indicem
691 1344 731 1407 ab
747 1343 925 1427 Oppianico
941 1366 1009 1410 csse
1025 1366 1093 1409 cor-

185 1454 334 1531 ruptum.
380 1438 471 1525 Quas
493 1448 621 1512 litteras
642 1449 782 1530 Aurinia,
796 1449 849 1512 vir
865 1449 960 1515 fortis
982 1456 1016 1515 et
1038 1471 1091 1515 cx-

185 1554 315 1638 periens
329 1561 364 1619 et
378 1555 468 1619 domi
484 1554 605 1620 nobilis
627 1562 661 1620 et
681 1554 727 1619 M.
743 1555 834 1619 illius
849 1556 947 1620 Aurii
961 1578 1092 1641 perpro

150 1648 153 1652 ’
185 1660 482 1744 pinquus,inforp,
493 1660 615 1745 palam,
626 1661 743 1726 multis
754 1662 975 1744 audientibus,
986 1679 1091 1746 quum
1138 1685 1142 1693 ·

185 1766 314 1831 adesset
335 1746 544 1852 Oppianicus,
559 1768 677 1832 recitat
698 1774 732 1832 et
754 1767 934 1833 clarissima
955 1788 1033 1833 voce
1056 1789 1090 1833 se
1159 1845 1162 1852 .

183 1881 307 1937 nomen
329 1872 509 1957 Oppianici,
524 1874 553 1951 si
571 1873 784 1938 interfectum
798 1873 844 1937 M.
861 1875 1007 1939 Aurium
1021 1896 1090 1939 esse

173 1978 406 2062 ,comperisset
425 1978 615 2043 delaturum
636 1999 706 2044 csse
728 1986 879 2044 testatur.
926 1980 979 2045 24.
1003 1980 1091 2045 Inte-

99 2101 101 2105 ·
183 2084 250 2148 rim
262 2084 353 2148 breui
367 2090 515 2168 tempore
532 2084 594 2170 illi,
609 2086 668 2171 qui
688 2091 783 2151 erant
803 2086 839 2149 in
855 2106 974 2169 agrum
990 2086 1090 2150 Galli-

184 2210 263 2287 cum
277 2190 424 2274 profecti,
440 2188 602 2256 Larinum
619 2197 855 2256 revertuntur:
878 2192 1090 2256 interfectum
1194 2186 1205 2204 ⁸

183 2316 253 2361 esse
275 2295 321 2361 M.
345 2296 491 2362 Aurium
512 2293 720 2362 renunciant.
767 2297 881 2361 Animi
900 2318 968 2361 non
982 2295 1090 2361 solum

118 2409 122 2414 '
183 2402 455 2486 propinquorum,
487 2403 545 2468 sed
575 2404 677 2468 etiam
706 2403 856 2468 omnium
884 2401 1112 2467 Larinatium-

164 2508 258 2601 'odio
274 2508 444 2594 Oppianici
464 2516 499 2574 et
520 2509 611 2573 illius
632 2508 846 2573 adolescentis
868 2509 1091 2573 misericordia

61 2605 95 2657 <¹
183 2622 442 2681 commoventur.
488 2616 607 2711 Itaque
630 2637 737 2699 quum
755 2614 893 2697 Aurius,
908 2616 936 2680 is
957 2617 1014 2700 qui
1035 2637 1090 2681 an·
1135 2680 1143 2695 ,

181 2725 237 2784 tea
252 2707 479 2803 denunciarat,
495 2721 638 2787 clamore
660 2722 828 2786 hominem
842 2741 880 2787 ac
895 2724 993 2787 minis
1007 2724 1090 2790 inse·

181 2825 241 2909 qui
270 2827 438 2911 coepisset,
465 2824 587 2892 Larino
618 2827 765 2912 profugit
794 2834 828 2892 et
857 2844 891 2894 se
920 2829 958 2893 in
984 2837 1091 2894 castra

182 2931 354 2996 clarissimi
382 2932 457 3013 viri,
488 2931 528 3009 Q.
560 2932 698 3015 Metelli,
729 2934 881 2999 contulit.
935 2935 987 2999 25.
1011 2936 1090 3000 Post
1152 2942 1154 2947 ’

180 3036 274 3101 illam
288 3044 402 3103 autem
418 3038 533 3121 fugam
546 3044 580 3104 ct
596 3039 726 3111 sceleris
747 3046 781 3105 et
796 3042 1012 3106 conscientiae
1028 3046 1090 3105 tes

180 3148 250 3206 tem
278 3164 463 3227 numquam
496 3164 530 3209 se
563 3144 706 3226 iudiciis,
736 3150 920 3228 numquam
949 3144 1089 3227 legibus,

180 3268 366 3332 numquam
380 3249 542 3314 inermem
557 3270 591 3315 se
612 3251 754 3315 inimicis
769 3251 973 3315 committere
988 3270 1089 3314 ausus

181 3358 242 3434 est,
258 3353 316 3418 sed
330 3374 389 3438 per
410 3354 503 3419 illam
525 3352 564 3419 L.
588 3354 701 3420 Sullae
722 3356 790 3419 vim
805 3361 904 3438 atque
918 3355 1090 3420 victoriam

180 3456 342 3523 Larinum
350 3459 393 3545 ‘in
416 3481 546 3527 summo
564 3462 682 3527 timore
698 3461 848 3526 omnium
864 3482 941 3525 cum
955 3462 1089 3525 armatis

180 3563 367 3631 advolavit:
401 3567 658 3651 quattuorviros,
686 3586 768 3649 quos
797 3565 978 3647 municipes
1009 3566 1089 3631 fece-

488 3672 509 3735 2
