2667 4034
233 323 272 381 52
374 346 377 350 ·
455 335 759 380 rnoa.onunnr1o
782 335 914 379 enarro.

232 508 358 573 foetum
387 513 455 573 est:
479 505 570 590 quod
599 506 725 613 crimen
755 512 827 571 erat
855 472 1025 591 proprium
1050 507 1143 573 illius

233 614 433 698 quaestionis
447 620 481 677 et
495 633 579 696 quae
594 634 648 677 res
669 612 742 696 lege
757 614 937 677 maiestatis
952 610 1140 678 tenebatur.

148 764 152 770 ⁴
231 721 280 785 At
293 720 356 784 boe
370 718 477 784 obfuit
491 720 523 783 ei
536 719 693 783 maxime.
732 718 804 782 Iam
819 719 884 785 ista
898 720 1057 785 divinatio
1072 727 1139 785 est:

233 846 300 909 qua
314 826 342 890 si
355 826 408 889 uti
423 825 513 906 lieet,
527 824 602 889 vide
624 845 667 889 ne
683 834 755 889 me'a
771 825 961 890 coniectura
975 826 1082 891 multo
1098 827 1142 891 sit

232 931 351 1019 verior.
396 930 468 1013 Ego
498 932 588 995 enim
612 931 659 995 sie
686 932 839 1013 arbitror,
866 931 1024 1012 Bulbum,
1050 932 1141 1016 quod

232 1038 331 1102 homo
353 1058 509 1121 nequam,
530 1039 649 1122 turpis,
671 1038 852 1123 improbus,
870 1038 985 1103 multis
1007 1040 1141 1122 flagitiis

233 1145 477 1209 contaminatus
502 1144 539 1209 in
561 1144 725 1209 iudicium
749 1144 793 1208 sit
818 1142 993 1225 adductus,
1016 1144 1141 1209 ideirco

233 1250 363 1314 facilius
384 1241 455 1315 esse
477 1249 683 1313 damnatum.
729 1247 784 1312 Tu
802 1249 884 1313 mihi
899 1269 941 1314 ex
955 1240 1141 1315 tota'eausa

234 1354 345 1437 Bulbi,
360 1355 449 1439 quod
464 1356 525 1420 tibi
543 1355 830 1437 commodumst,
846 1354 951 1439 eligis,
966 1360 1006 1419 ut
1019 1354 1055 1420 id
1070 1359 1140 1420 esto
1220 1408 1224 1415 .

235 1467 363 1527 secutos
376 1461 503 1525 iudices
518 1461 618 1525 dieas.

277 1566 446 1632 XXXVI.
493 1567 546 1632 98.
571 1567 779 1653 Quapropter
792 1569 855 1634 hoe
867 1568 967 1633 Bulbi
978 1568 1141 1633 iudicium

234 1693 301 1737 non
315 1672 392 1757 pius
405 1672 484 1738 huic
495 1673 607 1739 obesse
622 1694 742 1739 causae
754 1674 851 1739 debet
862 1694 963 1758 qnam
974 1674 1042 1755 illa,
1054 1694 1140 1757 quae

235 1785 490 1843 commemorata
504 1784 583 1843 sunt
597 1780 639 1843 ab
653 1787 855 1861 accusatore,
871 1780 938 1844 duo
951 1779 1086 1859 iudicia,
1098 1779 1139 1843 P.

234 1883 353 1968 Popilii
367 1889 401 1948 et
416 1883 467 1948 Ti.
486 1882 622 1966 Guttae,
636 1886 696 1968 qui
714 1904 848 1949 eausam
871 1884 911 1949 de
926 1883 1053 1948 ambitu
1069 1884 1141 1949 dix-

235 1995 345 2069 erunt,
370 1989 429 2073 qui
454 1990 601 2054 accusati
627 1998 706 2055 sunt
732 1990 773 2054 ab
799 1990 850 2070 iis,
874 1990 933 2073 qui
958 1996 1056 2054 erant·
1077 1989 1140 2073 ipsi

180 2086 183 2093 ’
235 2095 378 2159 ambitus
400 2096 628 2168 condemnati:
652 2117 735 2180 quos
757 2115 818 2181 ego
840 2116 908 2160 non
927 2095 1049 2160 ideireo
1070 2115 1140 2160 esse

235 2202 375 2266 arbitror
402 2202 440 2266 in
467 2202 638 2286 integrum
675 2202 854 2282 restitutos,
884 2201 973 2285 quod
1002 2199 1140 2285 planum

234 2308 371 2372 fecerint
396 2307 470 2372 illos
499 2307 540 2373 ob
562 2328 633 2372 rem
654 2306 868 2371 iudicandam
893 2307 1067 2391 pecuniam
1089 2326 1141 2371 ae

235 2402 367 2497 cepisse,
393 2414 456 2511 sed,
476 2414 565 2498 quod
594 2411 760 2477 iudicibus
788 2412 1008 2497 probaverint,
1034 2433 1140 2496 quum
1192 2404 1194 2408 ⁸
1323 2458 1324 2465 κ

233 2521 271 2585 in
291 2522 407 2586 eodem
427 2541 559 2605 genere,
581 2520 617 2585 in
639 2540 706 2603 quo
728 2519 790 2604 ipsi
813 2518 1035 2601 offendissent,
1058 2518 1140 2583 alios

233 2627 530 2708 reprehendissent,
546 2648 580 2692 se
602 2626 645 2690 ad
665 2626 811 2710 praemia
825 2625 907 2709 legis
920 2626 1033 2689 venire
1048 2646 1140 2710 opor-

234 2738 315 2796 tere.
362 2731 569 2817 Quapropter
597 2734 766 2798 neminem
798 2732 950 2797 dubitare
987 2732 1140 2796 existimo

234 2836 317 2920 quin
330 2836 390 2901 illa
412 2838 580 2904 damnatio
601 2839 745 2903 ambitus
767 2836 863 2902 nulla
884 2858 927 2902 ex
948 2843 1041 2922 parte
1061 2858 1140 2903 eum

235 2963 335 3009 causa
361 2942 507 3008 Cluentii
527 2951 701 3029 vestroque
722 2943 846 3009 iudicio
872 2943 1049 3009 coniuncta
1070 2963 1139 3009 esse

202 3109 207 3115 ,
234 3050 346 3135 possit.
393 3049 445 3114 99.
471 3049 572 3132 Quid,
587 3051 676 3134 quod
700 3049 853 3116 Staienus
876 3054 925 3113 est
945 3048 1140 3113 condemna·

234 3156 316 3243 tus?
361 3156 436 3222 Non
463 3158 537 3223 dieo
562 3158 624 3223 hoe
645 3165 805 3243 tempore,
827 3156 966 3237 iudices,
989 3154 1025 3219 id
1050 3153 1139 3237 quod

234 3264 343 3328 nescio
373 3284 417 3327 an
446 3264 511 3328 diei
541 3269 700 3348 oporteat,
729 3263 827 3327 illum
860 3261 1041 3327 maiestatis
1070 3279 1140 3324 esse
1200 3284 1205 3291 ·

235 3370 511 3434 condemnatum:
535 3392 602 3434 non
624 3370 725 3433 recito
751 3369 940 3433 testimonia
965 3367 1140 3431 hominum

235 3472 550 3553 honestissimorum,
573 3494 657 3555 quae
683 3474 718 3536 in
745 3472 919 3538 Staienum
946 3479 1025 3537 sunt
1052 3472 1140 3537 dieta

235 3574 283 3635 ab·
297 3576 349 3654 iia,
364 3576 422 3657 qui
445 3576 489 3639 M.
515 3577 668 3658 Aemilio,
685 3577 863 3643 clarissimo
885 3570 1082 3661 i·i'ro,‘legnti
1106 3581 1141 3641 et
