2667 4034
139 310 145 321 ·
244 274 284 332 24
399 278 402 285 '
467 289 533 332 rno
553 290 585 331 ι.
607 288 770 331 οιιιιιιιιιο
793 287 923 331 enarro.

244 459 478 524 commovebat.
524 458 578 524 45.
602 457 689 523 Nam
711 456 855 523 Habitus
880 476 986 542 usque
1003 456 1046 521 ad
1061 456 1153 521 illius

243 564 359 628 iudicii
378 571 509 649 tempus
523 564 657 629 nullum
679 567 915 628 testamentum
930 583 1093 647 umquam
1109 563 1155 627 se-

245 678 344 735 eerat.
390 670 506 755 Neque
520 670 610 735 enim
624 670 734 753 legare
757 670 828 734 eius
843 669 934 734 modi
949 670 1050 735 matri
1066 676 1156 755 pote-

244 783 298 841 rat
318 777 468 841 animum
487 776 656 856 inducere,
679 796 786 859 neque
809 782 1006 841 testamento
1031 797 1155 841 nomen

204 908 211 915 ·
245 883 380 946 omnino
394 881 655 965 praetermittere
677 880 832 965 parentis.
880 880 920 945 Id
937 902 1042 965 quum
1058 881 1155 965 Oppi-

245 986 360 1050 anicus
389 987 658 1069 sciret-nequo
689 986 778 1051 enim
809 993 880 1051 erat
911 985 1155 1073 obscurum—,
1208 1045 1212 1051 .
1308 984 1309 1055 j

245 1091 450 1175 intelligebat
466 1091 590 1157 Habito
615 1092 861 1176 mortnobona
881 1091 951 1157 eius
977 1092 1088 1157 omnia
1112 1092 1155 1156 ad

245 1204 385 1263 matrem
406 1218 476 1263 esse
496 1204 659 1262 ventura:
684 1217 770 1281 quae
786 1198 827 1261 ab
843 1218 912 1277 sese
928 1192 1046 1282 postea
1056 1203 1158 1261 aucta

244 1305 386 1390 pecunia
399 1305 523 1397 maiore
544 1304 701 1389 praemio,
718 1304 832 1368 orbata
846 1302 915 1368 tilio
931 1303 1058 1368 minore
1073 1303 1157 1387 peri·

246 1412 322 1477 eulo
336 1418 519 1477 noceretur.
565 1411 683 1495 Itaque
704 1410 757 1475 his
780 1410 878 1475 rebus
900 1411 1065 1492 incensus,
1089 1429 1157 1494 qna

245 1518 373 1582 ratione
383 1517 546 1582 Habitum
555 1538 683 1583 veneno
695 1517 811 1583 tollere
824 1523 962 1582 conatus
978 1516 1021 1581 sit
1039 1537 1157 1600 cogno-

247 1623 337 1687 scite.
382 1621 481 1687 XVI.
505 1623 560 1689 46.
584 1623 671 1689 cet
685 1622 724 1688 L.
738 1623 882 1688 Fabricii
897 1623 1014 1688 stanes
1031 1624 1158 1707 gemini

245 1730 384 1794 fuerunt
407 1750 449 1794 ex
472 1731 650 1816 municipio
678 1730 868 1812 Aletrinati,
893 1731 1043 1796 homines
1069 1730 1158 1795 inter

242 1838 282 1900 's'e
296 1856 401 1918 quum
414 1835 522 1900 forma
535 1843 610 1901 tum
630 1837 779 1902 moribus
802 1835 933 1916 similes,
949 1836 1158 1920 municipum

247 1947 360 2005 autem
385 1962 522 2007 suorum
547 1942 769 2024 dissimillimi,
797 1942 834 2006 in
863 1943 984 2026 quibus
1010 1948 1165 2025 quantus.

246 2045 401 2132 splendor
423 2048 476 2129 sit,
496 2068 599 2131 quam
620 2068 721 2133 prope
748 2048 938 2133 aequabilis,
962 2068 1063 2133 quam
1087 2048 1157 2141 lere

246 2154 397 2219 omnium
418 2161 571 2219 constans
593 2154 819 2220 atmoderate
844 2154 930 2221 ratio
944 2154 1042 2236 vitae,
1056 2175 1158 2221 nemo

245 2267 404 2341 vestrum,
419 2266 460 2325 ιιι
472 2280 548 2324 mea
560 2260 627 2326 fert
641 2261 762 2345 opinio,
779 2261 919 2345 ignorat.
966 2259 1029 2325 His
1044 2260 1158 2325 Fabri·
1194 2314 1198 2324 .

246 2366 305 2431 ciis
329 2386 456 2451 semper
478 2372 529 2432 est
553 2388 634 2436 usus
662 2366 860 2452 Oppianicus
891 2366 1155 2438 familiarissime.

245 2472 320 2538 Iam
340 2474 402 2539 hoe
423 2473 492 2539 iere
514 2474 604 2539 scitis
625 2495 751 2555 omnes,
768 2481 929 2558 quantam
947 2473 1015 2537 vim
1035 2473 1158 2539 habeat

246 2578 289 2640 ad
304 2578 549 2661 coniungendas
572 2580 733 2645 amicitias
759 2579 946 2645 studiorum
962 2599 1000 2644 ac
1015 2585 1157 2645 naturae

246 2682 439 2746 similitudo.
486 2684 599 2763 Quum
622 2685 672 2749 illi
699 2686 747 2751 ita
772 2686 931 2767 viverent,
956 2692 997 2751 ut
1022 2686 1157 2751 nullum

246 2794 422 2869 quaestum
444 2794 577 2874 turpem
600 2812 670 2857 esse
697 2786 950 2874 arbitrarentur,
967 2784 1073 2876 quum
1087 2812 1157 2857 om·

245 2892 297 2957 nis
312 2893 353 2958 ab
363 2893 404 2957 iis
417 2893 521 2977 frans,
533 2917 646 2963 omnes
662 2898 801 2964 insidiae
824 2898 1157 2983 circumscriptiones-

245 3020 310 3083 que
332 2999 590 3068 adolescentium
606 3011 833 3086 nascerentur,
854 3024 1026 3089 quumque
1047 3010 1157 3070 essent

244 3107 332 3171 vitiis
357 3114 456 3191 atque
480 3109 689 3194 improbitate
714 3111 867 3177 omnibus
892 3112 975 3193 noti,
997 3110 1155 3193 studiose,

244 3221 285 3279 ιιι
307 3215 388 3296 dixi,
403 3216 446 3279 ad
467 3236 583 3281 eorum
605 3237 639 3282 se
661 3216 920 3284 familiaritatem
948 3212 1156 3285 multis‘iam
1190 3276 1193 3280 ,
1308 3230 1309 3251 ¹

245 3326 321 3383 ante
355 3320 450 3383 annis
481 3322 680 3405 Oppianicus
714 3324 903 3407 applicaret.
957 3324 1010 3390 47.
1036 3324 1155 3407 Itaque

246 3429 320 3485 tum
342 3424 387 3485 sie
408 3425 533 3501 statuit,
548 3446 607 3507 per
623 3424 660 3488 0.
680 3426 1009 3513 Fabricium—nam
1025 3430 1063 3493 L.
1082 3436 1156 3493 erat

245 3531 396 3587 mortuus
406 3562 451 3574 -
461 3524 596 3591 insidias
611 3528 735 3593 Habito
750 3550 950 3614 comparare.
997 3534 1078 3601 Erat
1095 3536 1153 3601 illc
