2667 4034
268 296 307 353 ab
489 307 553 350 mro
574 308 606 349 A.
627 305 791 349 cnunurro
814 304 944 347 enimc.

267 480 402 545 honeste
417 477 542 544 absolvi
555 476 650 542 nullo
664 476 763 542 modo
778 475 933 561 potuerit.
981 474 1178 557 cognoscite

268 606 358 650 nunc
383 586 431 649 ita
456 606 553 649 reum
575 584 716 649 citatum
740 603 809 647 esse
829 582 937 663 illum,
953 588 993 645 ut
1014 602 1050 645 rc
1073 582 1178 645 semel

268 699 368 776 atque
382 692 505 756 iterum
526 689 752 774 praeiudicata
774 688 1011 755 condemnatus
1033 688 1070 753 in
1089 688 1178 751 iudi-

268 798 358 861 cium
378 797 515 861 venerit.
560 794 648 859 Nam
672 794 858 875 Cluentius,
875 794 1012 875 iudices,
1028 794 1178 877 primum

267 923 388 967 nomen
414 901 486 967 eius
509 900 641 981 detulit,
656 900 752 963 euius
775 900 811 963 in
832 900 985 965 manibus
1007 920 1178 963 venenum

268 1007 539 1091 deprehenderat.
584 1005 618 1069 Is
629 1011 702 1070 crat
711 1005 849 1071 libertus
860 1004 1087 1070 Fabriciorum
1097 1004 1177 1069 Sca-

267 1114 416 1179 mander.
461 1112 636 1196 Integrrun
665 1111 852 1192 consilium,
881 1111 994 1177 iudicii
1026 1112 1177 1195 corrupti

266 1220 361 1285 nulla
376 1220 535 1305 suspicio:
560 1218 699 1303 simplex
719 1218 755 1281 in
774 1218 937 1281 iudicium
957 1238 1067 1299 causa,
1083 1224 1176 1281 certa

267 1346 331 1407 res,
346 1348 454 1390 unum
468 1325 594 1389 crimen
613 1323 764 1389 adlatum
782 1329 842 1387 est.
889 1322 954 1386 Hic
969 1329 1043 1387 tum
1058 1322 1095 1387 0.
1112 1323 1176 1387 Fa-

266 1433 401 1513 bricius,
415 1433 455 1514 is,
471 1432 512 1497 de
530 1453 596 1515 quo
616 1438 693 1495 ante
714 1430 795 1512 dixi,
811 1430 869 1515 qui
884 1430 1000 1495 liberto
1016 1430 1185 1495 damnato-

268 1538 329 1603 sibi
358 1539 446 1601 illud
481 1538 670 1621 impendere
702 1536 887 1621 periculum
916 1536 1053 1617 videret,
1083 1536 1175 1619 quod

267 1644 349 1717 mihi
371 1664 449 1707 cum
470 1643 711 1708 Aletrinatibus
730 1642 935 1707 vicinitatem
957 1648 990 1707 et
1010 1662 1089 1705 cum
1107 1641 1175 1726 plu-

267 1749 377 1831 risque
402 1769 519 1814 eorum
548 1769 708 1831 magnum
733 1770 833 1813 usum
859 1738 928 1813 esse
955 1748 1088 1829 sciebat,
1111 1748 1175 1812 frc-

266 1861 405 1937 quentes
420 1875 475 1921 ecs
490 1854 532 1919 ad
547 1876 600 1920 me
620 1855 759 1919 domum
778 1855 931 1919 adduxit.
978 1854 1044 1933 Qui
1058 1876 1174 1938 quam-

179 2038 184 2046 ι
266 1981 368 2043 quam
382 1961 424 2025 de
434 1961 579 2043 bomine,
592 1962 678 2026 sicut
690 1982 820 2027 necesse
832 1968 914 2043 erat,
927 1962 1173 2043 existimabant,

266 2075 390 2148 tamen,
419 2068 508 2152 quod
543 2074 616 2133 erat
649 2088 692 2133 ex
723 2068 839 2133 eodem
869 2067 1061 2151 municipio,
1092 2088 1172 2131 suae

267 2174 436 2257 dignitatis
461 2195 531 2239 esse
553 2174 800 2240 arbitrabantur
825 2194 903 2239 cum
929 2158 1172 2257 quibus'rebus

265 2287 397 2363 possent
411 2279 606 2345 defendere:
628 2279 730 2363 idque
751 2300 771 2345 a
790 2300 845 2345 me
867 2286 908 2345 ut
927 2280 1069 2345 facerem
1084 2285 1118 2344 ct
1132 2290 1173 2345 ut

265 2406 399 2451 causam
422 2384 615 2451 Scamandri
638 2385 837 2470 susciperem
854 2387 1030 2471 petebant:
1054 2386 1172 2469 inqua

265 2511 365 2557 causa
378 2492 508 2577 patroni
522 2512 619 2557 omna
634 2492 819 2577 periculum
834 2492 1075 2567 continebatur.
1115 2492 1169 2557 50.

137 2644 140 2651 .
265 2595 348 2678 Ego,
363 2598 423 2680 qui
436 2617 544 2681 neque
567 2597 632 2661 illis
656 2597 778 2662 talibus
801 2598 880 2661 viris
896 2618 933 2662 ec
948 2604 1019 2663 tam
1033 2598 1171 2662 amanti-

264 2700 327 2765 bus
348 2702 414 2765 mei
436 2722 508 2766 rem
529 2723 658 2787 possem
680 2705 786 2769 ullam
808 2726 928 2789 negare
952 2726 1058 2789 neque
1085 2705 1171 2769 illud

265 2805 390 2869 crimen
404 2812 538 2871 tantum
560 2828 599 2873 ac
621 2814 691 2875 tam
712 2811 927 2876 manifestum
949 2832 1019 2877 esse
1034 2812 1171 2877 arbitra-

264 2931 329 2992 rer,
345 2911 431 2977 sicut
445 2933 488 2977 ne
502 2913 553 2977 illi
574 2916 710 2999 quidem
731 2917 804 3002 ipsi,
819 2918 877 3002 qui
891 2918 974 2982 mihi
989 2925 1063 2983 tum
1077 2918 1171 2983 illam

264 3037 398 3083 causam
420 3019 706 3102 commendabant,
730 3022 988 3104 arbitrabantur,
1004 3022 1170 3107 pollicitus

263 3123 303 3187 iis
319 3144 393 3188 sum
407 3145 461 3189 me
476 3125 587 3191 omnia
601 3147 687 3211 quac
702 3128 824 3193 vellent
839 3148 908 3195 esse
923 3130 1101 3195 facturum.

305 3227 441 3294 XVIII.
486 3230 553 3297 Res
576 3232 631 3315 agi
653 3239 768 3317 coepta
791 3240 861 3300 est:
886 3236 1006 3299 citatus
1029 3241 1079 3299 est
1095 3234 1168 3299 Sca

261 3333 399 3397 mender
413 3356 502 3399 reus.
547 3337 735 3402 Accusabat
749 3338 788 3402 P.
807 3340 1005 3423 Cannutius,
1020 3342 1118 3405 homo
1133 3341 1168 3405 iu

261 3438 376 3518 primis
390 3438 580 3520 ingeniosus
602 3448 637 3506 et
657 3442 695 3506 in
715 3443 853 3509 dicendo
872 3447 1093 3511 exercitatus:
1118 3466 1168 3511 nc-

263 3541 399 3607 cusabat
420 3549 534 3609 autem
557 3545 614 3610 ille
635 3547 772 3630 quidem
798 3549 1039 3621 Scamandrum
1060 3554 1168 3617 verbis
1201 3553 1202 3557 ’
1312 3546 1313 3593 ³
