2667 4034
282 380 287 387 .
311 341 383 384 car.
403 342 706 385 xxxva-xxxma
749 327 780 395 ἐξ
804 326 972 386 loa-105.
1056 327 1094 386 55

186 508 319 590 lunius,
342 509 400 573 scd
420 509 537 574 eadem
561 508 630 575 iere
654 508 728 593 lege
754 514 788 575 et
814 510 961 577 crimine.
1009 510 1095 589 Quia

187 615 284 677 nulla
297 615 334 678 in
355 614 477 678 iudicio
501 615 617 680 seditio
639 636 747 698 neque
769 616 819 679 vis
837 636 898 681 nec
913 618 1012 681 turha
1026 638 1095 682 vcr-

188 727 262 783 sata
286 725 347 799 est,
370 720 478 803 prima
503 721 632 785 actione
658 716 812 785 facillime
837 728 887 785 θεῖ
913 722 1093 787 absolutus.

186 817 265 889 Non
288 846 427 890 numero
449 826 536 890 hanc
558 826 806 891 absolutionem.
853 827 1095 893 Nihilominus

189 934 280 997 enim
300 938 417 1017 potest,
435 938 476 996 ut
497 932 592 996 illam
613 932 773 998 mulctam
794 956 862 999 non
885 936 1095 1017 commiserit,

189 1040 351 1121 accepisse
369 1045 482 1103 tamen
503 1039 545 1104 ob
567 1059 640 1102 rem
660 1038 873 1104 iudicandam
891 1040 1094 1126 [pecuniam,

188 1144 273 1231 qua]
292 1151 388 1229 capta
408 1166 575 1228 nusquam
597 1144 750 1209 Staienus
773 1146 889 1210 eadem
910 1146 982 1231 lego
999 1148 1112 1222 dixit,

186 1250 366 1333 Proprium
381 1251 506 1315 crimen
527 1250 613 1314 illud
635 1252 835 1334 quaestionis
850 1252 921 1316 eius
937 1274 1003 1317 non
1018 1252 1093 1316 fuit.

188 1356 265 1419 104.
288 1355 518 1420 Fidiculanius
539 1356 621 1439 quid
643 1356 757 1421 fecisse
781 1356 976 1421 dicebatur?
1008 1378 1095 1421 accc-

188 1462 274 1546 pisse
296 1482 316 1525 a
339 1461 493 1526 Cluentio
515 1460 575 1525 HS
598 1478 690 1525 cccc.
738 1461 842 1525 Cuius
858 1467 929 1526 erat
944 1462 1093 1526 ordinis?

189 1567 356 1631 senatorii.
403 1566 478 1644 Qua
505 1566 579 1651 lege
609 1567 645 1631 in
677 1586 715 1632 eo
747 1588 865 1651 genera
900 1587 919 1632 a
946 1574 1095 1632 senatore

188 1674 274 1738 intio
287 1673 397 1757 repeti
415 1673 497 1739 solet
519 1673 560 1739 de
581 1674 730 1759 pecuniis
752 1674 954 1758 repetundis,
970 1694 1009 1739 ea
1023 1674 1095 1759 lege

189 1786 363 1843 accusatus
384 1778 612 1845 honestissime
636 1786 686 1845 θεῖ
712 1780 892 1849 absolutus.
939 1780 1024 1845 Acta
1046 1786 1096 1847 est

188 1885 279 1949 enim
304 1904 405 1949 causa
425 1905 517 1949 more
539 1886 716 1968 maiorum,
733 1887 804 1950 sine
830 1886 875 1966 vi,
897 1887 966 1951 sine
989 1894 1094 1968 motu,

189 1990 259 2054 sine
283 1990 449 2074 periculo:
474 1990 562 2054 dicta
586 1997 619 2055 et
643 1993 790 2075 exposita
814 2002 848 2055 et
872 1992 1095 2057 demonstrata

188 2102 269 2159 sunt
297 2095 417 2160 omnis.
463 2095 611 2159 Adducti
640 2096 766 2159 iudices
796 2102 874 2159 sunt
903 2118 970 2162 non
996 2098 1094 2162 modo

187 2202 332 2285 potuisse
357 2202 493 2266 honeste
523 2202 564 2265 ab
595 2222 633 2266 eo
663 2222 759 2266 reum
786 2192 1010 2283 condemnari,
1036 2203 1094 2286 qui

187 2329 256 2373 non
284 2315 442 2392 perpetuo
471 2309 619 2390 sedisset,
649 2308 718 2391 sed,
749 2309 840 2372 aliud
868 2310 894 2373 si
931 2310 958 2373 is
992 2310 1094 2373 iudex

187 2412 272 2477 nihil
294 2414 416 2496 scisset,
438 2414 513 2495 nisi,
540 2435 626 2497 quae
652 2415 852 2498 praeiudicia
875 2416 915 2479 do
943 2436 981 2481 eo
1007 2416 1094 2479 facta

188 2539 258 2583 esse
280 2525 479 2600 constarent,
494 2520 609 2584 audire
629 2527 797 2604 praetcrea
821 2521 904 2583 nihil
931 2521 1091 2591 debuisse,

187 2620 393 2688 XXXVIII.
439 2624 515 2689 105.
539 2625 629 2689 'Ium
650 2626 751 2690 etiam
773 2626 823 2690 illi
845 2626 1002 2711 quinque,
1023 2628 1092 2712 qui,

186 2729 418 2813 imperitorum
431 2731 605 2795 hominum
622 2732 833 2797 rumusculos
848 2735 1004 2819 aucupati
1018 2742 1093 2800 tum

185 2835 284 2899 illum
298 2836 521 2929 absolverunt,
535 2837 604 2901 iam
627 2860 723 2903 suam
739 2839 948 2907 clementiam
962 2842 1092 2907 laudari

185 2962 307 3025 magno
322 2964 420 3026 opere
441 2942 608 3023 nolebant,
624 2965 645 3008 a
666 2946 786 3027 quibus
805 2948 832 3019 si
847 2948 905 3031 qui
919 2956 1093 3031 quaereret

186 3047 389 3113 sedissentne
414 3048 540 3113 iudices
565 3050 602 3113 in
628 3050 665 3114 Ο.
690 3051 890 3133 Fabricium,
914 3054 1034 3117 sedisse
1058 3074 1092 3117 sc

186 3153 352 3219 dicerent:
378 3155 406 3218 si
427 3155 712 3239 interrogarentur
733 3179 816 3222 num
830 3180 896 3241 quo
912 3158 1048 3222 crimine
1064 3160 1091 3222 is

185 3266 271 3324 esset
301 3268 475 3325 accusatus
504 3269 734 3346 praeterquam
759 3263 878 3327 veneni
904 3263 987 3344 eius,
1002 3264 1092 3354 quod

183 3354 372 3450 quaesitum
386 3366 511 3433 Habito
522 3369 699 3452 diceretur,
718 3376 898 3453 negarent:
923 3370 950 3435 si
971 3370 1092 3435 deiude

183 3480 294 3539 essent
319 3474 425 3559 rogati
451 3476 532 3559 quid
558 3476 769 3557 iudicassent,
794 3477 1027 3541 condemnasse
1058 3498 1091 3541 se

184 3579 353 3646 dicerent:
387 3601 485 3646 nemo
520 3582 610 3645 enim
643 3579 792 3643 absolvit.
838 3581 964 3645 Eodem
993 3583 1090 3646 modo
