2667 4034
245 294 284 352 92
465 307 531 350 ruo
551 307 583 350 u.
604 305 768 351 cnueurro
791 306 922 349 cosmo.

245 483 374 562 practer
389 471 523 543 sensum
538 475 684 542 doloris?
715 475 790 543 172.
807 475 880 559 Ago
889 495 978 557 vero,
987 496 1155 542 venenum

245 604 414 668 perquem
426 582 564 648 datum?
589 583 654 647 Por
667 582 712 646 M.
726 581 900 646 Asellium.
935 580 1044 644 LXII.
1063 581 1154 659 Quid

221 690 325 769 ‚huic
347 711 425 754 cum
447 688 595 753 Habito?
622 688 725 752 nihil:
754 695 854 770 atque
877 687 969 768 cclcc,
985 687 1077 770 quod
1096 687 1154 752 ille

246 796 424 880 Oppianico
450 795 704 860 familiarissime
730 800 780 859 est
805 815 898 874 usus,
920 794 1029 878 potius
1052 794 1154 860 ctiam

247 901 407 966 simultas.
438 901 522 965 Iline
536 901 651 985 igitur,
666 920 767 984 quem
781 900 842 964 sibi
856 900 1074 980 offensiorem,
1090 899 1154 984 Op-

245 1008 375 1092 pianico
396 1007 693 1071 familiarissimum
715 1006 837 1070 sciebat
851 1025 932 1087 esse,
947 1005 1154 1090 potissimum

247 1120 282 1178 et
296 1112 403 1177 scelus
418 1133 518 1176 suum
532 1118 567 1177 et
580 1112 672 1176 illius
694 1110 881 1196 periculum
903 1109 1152 1176 committebat?

249 1218 319 1283 Cur
332 1219 437 1303 igitur
450 1225 502 1301 tu,
512 1219 571 1302 qui
586 1218 709 1303 pietate
727 1217 769 1281 ad
790 1217 1015 1282 accusandum
1034 1217 1155 1283 excito-

247 1331 303 1389 tus
314 1344 361 1406 es,
369 1325 460 1389 hunc
468 1324 632 1389 Asellium
647 1343 717 1389 esse
732 1322 881 1388 inultum
895 1323 1035 1387 tamdiu
1050 1322 1152 1388 sinis?

249 1448 309 1493 cur
323 1450 391 1494 non
405 1429 521 1494 Habiti
536 1428 687 1512 exemplo
702 1449 785 1492 usus
800 1447 846 1508 eS,
855 1434 895 1492 ut
909 1449 967 1512 per
977 1427 1086 1510 illum,
1096 1429 1154 1511 qui

249 1536 414 1620 attulisset
424 1557 602 1617 venenum,
612 1536 653 1601 de
668 1536 731 1601 hoc
746 1536 1049 1620 praeiudicaretur‘t
1077 1536 1152 1602 173.

248 1641 322 1706 Iam
344 1662 423 1708 vero
446 1643 533 1707 illud
554 1662 657 1727 quam
678 1662 746 1707 non
768 1641 945 1726 probabile,
961 1662 1061 1725 quam
1082 1642 1155 1708 iuu-

250 1747 397 1829 sitatum‚
419 1748 556 1830 iudices,
579 1768 681 1831 quam
706 1768 842 1828 novum,
866 1747 902 1812 in
928 1767 1012 1831 pane
1039 1748 1156 1815 datum

250 1852 435 1919 vencnum!
490 1853 678 1918 Faciliusno
704 1853 813 1938 potuit
837 1873 941 1936 quam
965 1853 1001 1917 in
1025 1852 1155 1938 poculo,

248 1956 350 2021 latius
364 1959 474 2042 potuit
491 1959 642 2022 abditum
656 1959 768 2042 aliqua
781 1959 818 2022 in
833 1964 926 2042 parte
941 1958 1045 2042 panis,
1055 1979 1156 2042 quam

250 2063 279 2129 si
292 2069 402 2128 totum
417 2050 684 2148 colliquefactum
703 2064 740 2128 in
760 2065 891 2149 potione
907 2070 1002 2144 esset,
1018 2063 1156 2129 celerius
1193 2121 1196 2126 .

249 2171 359 2256 potuit
374 2176 556 2236 comestum
569 2191 672 2254 quam
692 2176 827 2254 epotum
840 2170 877 2234 in
891 2190 990 2235 venas
1006 2176 1105 2254 atque
1119 2170 1157 2234 in

250 2297 364 2340 omnes
383 2283 492 2360 partes
513 2277 656 2360 corporis
678 2295 884 2360 permanare,
898 2275 1029 2368 facilius
1043 2275 1156 2340 fallere

249 2382 397 2466 inpane,
413 2382 440 2445 si
456 2387 541 2446 esset
555 2381 833 2464 animadversum,
849 2401 949 2464 quam
967 2382 1003 2446 in
1026 2381 1157 2466 poculo,

251 2509 357 2571 quum
370 2487 420 2552 ita
434 2488 609 2553 confusum
624 2492 721 2568 esset,
738 2493 777 2552 ut
797 2488 923 2552 secerni
944 2487 1039 2553 nullo
1058 2488 1157 2553 modo

249 2592 378 2676 posset?
408 2593 456 2658 At
469 2594 642 2678 repentina
656 2599 762 2658 morte
778 2593 886 2677 periit.
921 2591 996 2659 174.
1017 2593 1114 2670 Quod
1129 2594 1157 2658 si

251 2703 336 2763 esset
356 2698 406 2762 ita
425 2699 562 2782 sactum,
576 2706 689 2764 tomen
705 2719 745 2764 ea
759 2719 811 2764 res
826 2705 960 2784 propter
973 2699 1157 2765 multorum

251 2802 323 2867 cius
338 2803 428 2867 modi
443 2825 557 2869 casum
571 2805 707 2870 minime
721 2804 852 2870 firmam
866 2805 985 2871 veneni
1005 2805 1156 2890 suspicio

250 2929 328 2973 nem
342 2909 494 2975 haberet:
521 2911 549 2975 si
568 2917 654 2975 esset
677 2911 905 2996 suspiciosum,
920 2917 1032 2976 tamen
1047 2911 1156 2996 potius

251 3015 294 3078 ad
309 3015 390 3081 alios
400 3036 502 3099 quam
516 3017 561 3081 ad
574 3016 739 3081 Habitum
753 3018 942 3102 pertineret.
977 3017 1107 3081 Verum
1121 3018 1156 3081 in

250 3141 289 3186 eo
304 3122 373 3206 ipso
388 3123 537 3187 homines
551 3123 836 3207 impudentissime
851 3123 1070 3202 mentiuntur.
1116 3122 1157 3186 Iu

250 3234 290 3291 ut
311 3227 513 3312 intelligatis,
531 3234 565 3293 et
586 3236 727 3293 mortem
750 3229 822 3292 eius
844 3235 878 3294 ot
900 3249 1000 3313 quem
1023 3229 1066 3292 ad
1091 3249 1158 3293 mo

251 3333 332 3397 dum
346 3339 420 3418 post
433 3341 574 3400 mortem
588 3336 625 3398 in
639 3333 803 3398 Habitum
818 3335 861 3400 sit
876 3335 1001 3400 crimen
1016 3341 1157 3400 amatre

249 3439 439 3519 quaesitum
453 3441 649 3522 cognoscite.

293 3540 368 3605 175.
393 3541 506 3636 Quum
519 3563 626 3626 vagus
639 3549 675 3608 et
688 3545 785 3609 exsul
801 3552 927 3612 erraret
946 3552 1047 3630 atque
1061 3546 1157 3610 undi-
