2667 4034
384 363 456 405 cnr.
478 343 651 402 run-mv.
693 345 724 410 §3
741 343 829 399 145·-
842 343 908 399 148.
1068 343 1105 400 m

199 533 392 617 cumspicite
412 552 526 597 omnes
546 531 594 595 rei
613 529 764 615 publicae
784 536 911 614 partes:
937 529 1047 594 omnia
1063 529 1107 593 lc-

199 660 281 722 gum
296 637 434 720 imperio
457 642 491 700 et
512 635 711 720 praescripto
733 634 806 698 fieri
820 635 982 699 videbitis.
1030 634 1104 699 148.

200 743 235 807 Si
259 745 332 826 quis
355 742 443 826 apud
465 763 531 824 me,
547 742 586 805 Τ.
604 741 696 822 Acci,
713 748 745 805 tc
768 763 864 806 reum
885 743 966 806 velit
988 743 1106 823 facore,

199 849 320 913 clames
347 855 379 916 te
405 847 478 930 lege
504 848 722 931 pecuniarum
751 847 1011 931 repetundarum
1040 870 1107 912 non

193 945 315 1018 teneri.
361 953 477 1037 Neque
500 953 582 1016 haec
607 958 667 1015 tua
693 953 856 1016 recusatio
881 953 1039 1017 confessio
1066 954 1108 1017 sit

198 1067 313 1144 captae
328 1059 500 1144 pecuniae,
516 1058 573 1122 sed
594 1057 716 1122 laboris
738 1064 772 1122 et
793 1057 932 1142 periculi
947 1080 1014 1123 non
1029 1059 1107 1142 legi-

199 1166 273 1229 timi
289 1165 475 1229 declinatio.
516 1163 608 1228 LIV.
632 1163 731 1228 Nune
746 1164 828 1247 quid
843 1171 963 1247 agatur
978 1172 1011 1228 et
1026 1165 1107 1247 quid

200 1272 257 1334 abs
272 1277 305 1334 te
320 1270 403 1334 iuris
423 1260 646 1334 constituatur
659 1268 746 1332 vide.
792 1268 892 1332 Iubet
905 1269 960 1332 lex
976 1289 1026 1351 ee,
1042 1290 1107 1352 qua

199 1376 272 1459 lege
294 1377 375 1440 haec
393 1359 542 1459 quaestio
565 1374 745 1439 constituta
767 1379 828 1454 est,
844 1373 989 1437 iudicem
1011 1394 1108 1455 quae-

200 1482 326 1561 stionis
340 1481 404 1546 hoc
426 1486 486 1562 est,
510 1478 549 1557 Q.
566 1479 767 1560 Voconium,
785 1499 863 1542 cum
877 1478 917 1541 iis
932 1469 1107 1559 iudicibus,

199 1588 257 1671 qui
272 1588 304 1651 ei
319 1587 630 1651 obvenerint—vos
651 1584 809 1670 appellat·
820 1584 999 1648 iudices-
1010 1605 1108 1668 quae-

199 1714 273 1758 rere
296 1693 337 1757 de
359 1712 497 1758 veneno.
542 1692 586 1756 In
608 1712 709 1776 quem
732 1690 916 1775 quaerere?
939 1691 1108 1756 infinitum

200 1805 260 1864 est.
308 1799 512 1876 chuuoun
548 1815 695 1879 sacuam,
725 1815 937 1880 veneramur,
974 1816 1107 1880 mirum,

200 1922 378 1985 aaronem,
394 1920 545 1968 nanuum
593 1904 682 1981 Quid
704 1904 819 1968 eadem
841 1904 897 1968 lex
918 1905 1031 1970 statim
1053 1905 1108 1968 ad·
1207 1984 1209 1989 Δ

201 2008 336 2094 iungit?
374 2009 498 2074 Recita
542 2009 661 2082 Deoua
687 2026 762 2072 urus
785 2027 902 2073 carrus
931 2029 1105 2084 ouaamro.

202 2114 333 2180 Cuius?
365 2101 422 2199 qui
452 2114 593 2180 coierit?
625 2114 841 2178 convenerit?
873 2137 940 2180 non
968 2117 1016 2180 ita
1045 2124 1105 2181 est.
1180 2105 1186 2117 ’

202 2221 291 2298 Quid
328 2241 405 2304 ergo
443 2219 519 2286 est?
553 2221 616 2286 dic.
664 2220 730 2297 Qur
767 2237 944 2284 narramus¹
964 2238 1106 2285 unrrcn

199 2343 395 2390 Laeromaus
409 2408 411 2412 Α
427 2344 601 2400 ocnmuoa
633 2343 759 2408 curura,
791 2344 892 2400 Quive
927 2343 1107 2407 ceramon,

199 2449 361 2496 rarauuus
390 2450 513 2497 Parma.
559 2433 722 2517 Deinceps
753 2453 865 2496 omnes
895 2434 1107 2516 magistratus

197 2539 391 2602 nominavit.
439 2539 550 2616 chvn
572 2556 608 2601 ur
630 2555 759 2601 suamc
778 2551 983 2601 sauraummr
1004 2557 1106 2622 mxu,

198 2661 345 2708 orxamr.
393 2644 482 2721 Quid
504 2643 605 2709 tum?
630 2651 687 2718 our
710 2661 823 2708 aoumu
846 2662 944 2726 cour,
967 2662 1107 2728 consur,

199 2765 694 2831 couvsurr‚ocuvarma1r,quo
718 2751 793 2824 oms
815 2768 943 2816 rumore
966 2769 1107 2817 ruaaroo

199 2871 500 2920 cornuumaurua.
549 2857 615 2934 Qm
645 2875 770 2921 acaun.
819 2858 996 2935 Quorum?
1019 2860 1107 2924 vide

197 2961 287 3042 licet,
303 2962 360 3045 qui
379 2983 479 3046 supra
502 2965 614 3048 scripti
638 2972 726 3029 sunt.
775 2964 864 3041 Quid
886 2967 1017 3029 intersit
1031 2973 1107 3029 utro

198 3066 296 3131 modo
319 3069 478 3152 scriptum
502 3072 555 3150 sit,
571 3072 633 3136 etsi
655 3079 705 3137 est
727 3080 890 3156 apertum,
905 3073 976 3154 ipsa
995 3076 1107 3134 tamen

196 3173 253 3237 lex
268 3197 328 3240 nos
344 3176 450 3241 docet.
482 3177 558 3243 ‚Ubi
572 3179 661 3243 enim
676 3200 789 3244 omnes
801 3178 956 3243 mortales
972 3177 1107 3260 adligat,

197 3281 245 3344 ita
259 3281 429 3366 loquitur:
455 3301 512 3357 om
526 3302 689 3349 vsusuuu
704 3301 825 3348 nuncu
842 3302 946 3366 raom,
959 3301 1105 3348 uuonan.

198 3388 321 3454 Omnes
346 3391 421 3472 viri,
445 3390 612 3471 muliereS,
637 3391 745 3471 liberi,
773 3391 858 3455 servi
883 3392 919 3455 in
944 3391 1108 3455 iudicium

197 3502 369 3561 vocantur.
417 3495 453 3560 si
475 3495 564 3583 idem
587 3496 628 3560 de
650 3497 789 3561 coitione
809 3497 976 3578 voluisset,
993 3497 1108 3560 adiun-

198 3603 326 3667 xisset:
359 3600 470 3678 chvs
499 3616 638 3664 corsmr.
686 3599 785 3665 Nunc
814 3601 862 3666 ita
891 3608 964 3668 est:
989 3595 1115 3677 Dacus
