2667 4034
261 339 300 398 96
484 351 548 394 rao
569 351 601 393 a.
622 351 785 394 canarno
807 351 939 395 enarro.

261 529 311 589 est
326 545 359 589 se
375 545 482 609 nuper
495 523 531 588 in
546 523 699 587 auctione
714 522 860 607 quadam
874 523 994 588 vidisse
1015 523 1052 588 in
1069 524 1170 589 rebus

261 629 399 692 minutis
415 628 580 693 aduncam
594 649 635 692 cx
651 628 742 693 omni
762 637 855 712 parte
871 628 1040 693 dentatam
1055 635 1089 694 et
1104 635 1170 694 tor·

261 742 393 800 tunsam
414 735 526 799 venire
553 733 727 815 serrulam,
750 753 817 816 qua
842 733 928 798 iliud
953 736 1097 819 potuisse
1122 736 1171 800 ita

263 841 490 905 circumsecari
509 839 689 904 videretur.
735 839 786 904 Nc
809 839 937 905 multa:
964 840 1170 925 perquiritur

262 967 283 1010 a
294 946 515 1011 coactoribus:
540 945 710 1010 invenitur
725 966 764 1010 ea
779 945 906 1010 serrula
921 945 964 1010 ad
980 944 1170 1011 Stratonem

262 1052 457 1138 pervenisse.
501 1051 576 1116 Hoc
598 1051 693 1116 initio
713 1051 907 1135 suspicionis
921 1057 993 1116 orto
1008 1056 1042 1116 et
1057 1059 1169 1136 aperte

262 1158 454 1223 insimulato
473 1156 625 1222 Stratone
640 1177 725 1243 puer
738 1157 795 1222 illc
811 1157 961 1222 conscius
975 1158 1167 1242 pertimuit:

263 1285 334 1329 rem
345 1283 477 1329 omnem
488 1264 639 1329 dominae
650 1262 820 1344 indicavit,
829 1263 978 1328 hominos
993 1263 1028 1326 in
1043 1264 1170 1347 piscina

263 1370 389 1434 inventi
405 1376 493 1450 sunt,
506 1367 617 1433 Strato
628 1368 665 1432 in
676 1368 811 1433 vincula
822 1367 990 1433 coniectus
1004 1373 1055 1433 est
1069 1374 1169 1452 atquc

263 1477 364 1542 etiam
385 1477 421 1539 in
443 1476 581 1540 taberna
603 1475 675 1539 eius
697 1474 803 1555 numi,
818 1493 1029 1557 nequaquam
1044 1494 1169 1555 omnes,

264 1581 484 1666 reperiuntur.
517 1578 593 1645 181.
616 1578 839 1644 Constituitur
849 1578 999 1663 quaestio
1011 1579 1052 1644 de
1066 1578 1167 1644 furto.

263 1686 295 1749 N
297 1708 351 1751 am
365 1685 446 1770 quid
460 1686 638 1769 quisquam
651 1683 812 1769 suspicari
826 1684 920 1748 aliud
938 1683 1069 1769 potest?
1112 1685 1169 1749 An

263 1792 326 1857 hoo
341 1791 470 1856 dicitis?
489 1791 632 1855 armario
647 1790 802 1875 expilata,
817 1791 958 1875 pecunia
973 1791 1092 1873 ablata,
1102 1813 1169 1856 non

264 1895 354 1960 omni
383 1901 586 1980 recuperata,
613 1895 727 1961 occisis
754 1896 954 1977 hominibus,
980 1897 1169 1962 institutam

264 2022 333 2067 esse
348 2002 573 2086 quaestionem
588 1999 630 2066 (16
644 2008 749 2067 morte
764 2001 959 2086 Oppianici?
983 2003 1038 2067 cui
1055 2005 1168 2087 proba-

262 2107 330 2173 tis?
362 2107 443 2191 quid
469 2105 634 2191 estquod
660 2107 772 2171 minus
797 2107 997 2172 verisimile
1023 2107 1168 2195 proferre

262 2213 440 2300 potuistis?
485 2212 625 2295 Deinde,
640 2217 682 2276 ut
699 2211 850 2276 omittam
870 2219 1010 2294 caetera,
1024 2213 1167 2278 triennio

262 2327 486 2407 postmortem
497 2318 668 2404 Oppianici
681 2319 722 2382 de
733 2318 805 2383 cius
816 2324 921 2384 morte
934 2320 1165 2402 quaerebatur.

262 2428 374 2510 Atque
398 2427 498 2491 etiam
520 2424 655 2490 incensa
678 2422 755 2488 odio
780 2423 918 2508 pristino
944 2421 1168 2487 Nicostratum
1279 2463 1281 2466 -

262 2534 417 2598 eumdem
442 2531 541 2596 illum
565 2535 640 2595 tum
663 2530 733 2594 sine
757 2547 857 2594 causa
880 2529 917 2594 in
942 2531 1169 2613 quaestionem

261 2638 470 2722 postulavit„
495 2637 693 2722 Oppianicus
707 2635 813 2720 primo
828 2636 1002 2700 recusavit.
1048 2635 1169 2700 Postea

261 2763 362 2825 quam
386 2743 444 2806 illa
463 2742 683 2806 abducturam
705 2761 738 2806 se
760 2739 877 2822 filiam,
894 2747 1100 2806 mutaturam
1120 2762 1168 2806 es·

261 2867 295 2912 se
315 2852 551 2931 testamentum
565 2847 761 2928 minaretur,
772 2845 906 2911 mulieri
920 2846 1167 2912 crudelissimae

261 2974 394 3019 servum
417 2951 655 3032 fidelissimum,
677 2973 745 3017 non
770 2952 807 3016 in
828 2952 1054 3036 quaestionem
1075 2953 1166 3035 tulit,

261 3060 318 3125 sed
333 3059 430 3144 piane
445 3058 488 3122 ad
503 3058 707 3142 supplicium
717 3058 819 3122 dedit.
863 3056 972 3122 LXV.
992 3057 1068 3122 182.
1087 3058 1168 3124 Post

260 3165 443 3230 triennium
463 3165 567 3248 igitur
586 3164 712 3246 agitata
726 3164 869 3246 denique
883 3164 1034 3247 quaestio
1049 3164 1089 3229 de
1104 3164 1167 3229 vin‘

260 3277 365 3334 morte
380 3271 574 3350 habebatur,
590 3274 623 3333 et
638 3267 679 3331 de
694 3268 814 3350 quibus
835 3260 936 3333 servis
959 3269 1166 3334 habebatur?

260 3373 365 3453 Nova,
390 3374 497 3453 credo,
521 3393 574 3437 res
597 3373 835 3452 obiecta,11ovi
858 3373 994 3456 quidam
1017 3375 1168 3441 homines

259 3477 296 3539 in
318 3477 538 3558 suspicionem
558 3476 666 3540 vocati
690 3475 791 3539 sunt?
837 3476 887 3542 De
909 3477 1062 3544 Stratone
1077 3480 1168 3546 etde

260 3578 455 3645 Nicostrato.
513 3580 629 3656 Quid?
663 3579 787 3657 Romae
814 3584 1002 3664 quaesitum
1029 3585 1069 3650 de
1095 3585 1168 3651 istis
