2667 4034
485 313 551 356 PRO
571 314 603 354 A·
625 311 789 356 censano
812 310 944 355 ORATIO·

244 480 429 559 ,Oppianicus
443 488 501 537 erat
516 480 714 547 condemnatus,
732 478 879 551 suspicione
891 478 1066 551 corruptionis
1085 476 1180 531 caruit.

266 573 342 636 Quae
360 571 472 643 suspicio
489 567 649 642 quamqtiam
667 588 700 625 eo
717 568 858 623 ridebatur
876 586 1006 622 removeri
998 567 1053 621 'ab
1067 568 1102 620 A.
1116 568 1181 621 Clu-

171 658 189 715 't
264 660 343 726 antio,
355 660 473 732 quodC.
488 659 581 713 Aelius
595 658 718 713 Staienus
730 658 813 713 iudex
825 659 859 711 ab
874 656 1023 729 Oppianico
1039 664 1180 728 acceperat

172 760 189 798 ⁴.
264 751 404 823 pecuniam
419 745 549 802 iudicibus
567 748 783 813 distribuendam,
795 748 843 800 sed
860 764 920 800 cum
940 746 1179 818 paucisiudicibus

264 840 359 905 Bulbo,
374 839 457 893 Gutta
468 837 571 909 Popilio
582 837 691 909 aliisque
709 836 893 908 interceperat,
911 854 965 907 quo
983 836 1091 890 crimine
1108 844 1179 907 post·

66 930 81 964 ⁸.
120 955 138 997 ι
154 908 170 944 ²⁴
264 946 298 982 ea
315 927 396 981 etiam
413 925 581 981 condemnati
593 935 662 991 sunt,
675 934 765 979 tamen
777 924 809 979 L.
825 924 967 990 Quinctius
985 924 1106 979 tribunus
1122 926 1178 997 ple-

263 1016 317 1082 bis,
332 1015 380 1087 qui
405 1014 583 1117 Oppianicum
601 1016 766 1081 defenderat,
787 1014 923 1069 concitatis
942 1032 1028 1087 paene
1046 1015 1177 1069 cotidiano

264 1105 429 1159 contionibus
438 1123 505 1170 spem
521 1104 551 1158 in
568 1104 876 1207 inridreQ
855 1112 885 1158 ut
904 1122 937 1159 ea
954 1104 1069 1177 pecnnia
1086 1104 1120 1158 ab
1138 1105 1174 1158 A.
1255 1143 1268 1166 .

267 1192 390 1248 Cluentio
407 1171 510 1247 vennae
520 1184 794 1247 rideretur.Ann1s
812 1194 929 1265 quinque
943 1202 1003 1266 post
1015 1193 1176 1266 Oppianicus

265 1283 294 1338 in
310 1284 403 1338 exsilio
420 1283 505 1339 subito
522 1303 586 1339 casu
602 1293 722 1339 mortuus
735 1292 783 1339 est
824 1284 884 1348 Quo
902 1292 1006 1339 mortuo
1024 1284 1110 1339 Sassia
1126 1292 1177 1338 sta·
1225 1299 1227 1301 ·
1318 1296 1319 1337 ξ

264 1376 312 1429 tim
330 1376 397 1429 dixit
420 1375 568 1448 Oppianico
588 1377 623 1430 ab
643 1376 680 1429 A.
696 1374 820 1429 Cluentio
838 1374 893 1428 filio
910 1393 957 1429 suo
974 1393 1022 1447 per
1038 1374 1078 1428 M.
1102 1374 1177 1429 As'el-

265 1465 329 1519 lium
347 1484 481 1520 venenum
498 1484 554 1519 esse
572 1467 674 1521 datum.
692 1538 695 1542 ²
714 1465 839 1529 Quaestio
857 1465 892 1518 de
913 1464 1036 1519 Stratone
1054 1472 1082 1519 et
1098 1464 1177 1518 Nico-

265 1562 347 1607 strato
363 1554 445 1607 servis
456 1555 547 1608 habita
558 1563 605 1619 est,
617 1556 665 1608 sed
682 1554 748 1608 nihil
766 1562 936 1626 compertum.
974 1553 1102 1608 Triennio
1119 1562 1177 1626 post

26 1636 53 1671 ¹¹
107 1681 114 1692 ι
149 1651 163 1705 ἱ
268 1643 354 1696 Sassia
376 1643 526 1714 Oppianico
545 1644 667 1716 privigno
688 1664 745 1712 suo,
767 1645 811 1699 cui
828 1645 909 1699 filiam
927 1662 1038 1699 uxorem
1056 1646 1175 1709 dederat,

254 1730 404 1801 persuasit,
413 1738 443 1783 nt
455 1731 489 1783 A.
498 1731 650 1786 Cluentium
662 1733 697 1787 de
709 1732 838 1787 veneficio
850 1741 995 1787 accusaret.
1023 1732 1058 1786 Ei
1069 1730 1175 1798 iudicio,

266 1820 339 1890 quod
356 1818 456 1873 factum
476 1828 516 1873 est
527 1820 636 1893 'Lepido
654 1830 682 1875 et
699 1820 778 1876 Tullo
796 1841 860 1877 coss
879 1840 903 1877 a
921 1842 947 1895 p.
965 1841 994 1875 u.
1013 1840 1038 1876 c.
1060 1826 1121 1890 688,
1139 1822 1174 1887 Q.

267 1906 401 1961 Voconius
418 1908 490 1962 Naso
507 1910 631 1981 praefuit.
670 1911 874 1967 Accusationem
892 1908 944 1984 pm'
955 1911 1104 1983 Oppianico
1122 1930 1177 1983 ges·

267 1997 301 2049 sit
312 1997 345 2049 L.
360 1997 458 2050 Accius
470 1997 641 2065 Pisaurensis,
654 2000 730 2054 cuius
741 2001 899 2055 accusationi
916 2002 966 2055 hac
985 2000 1042 2073 ipsa
1059 2001 1176 2055 oratione

267 2085 308 2139 M.
323 2086 425 2139 Tullius
439 2086 533 2141 Cicero
544 2098 652 2158 praetor
663 2108 696 2143 eo
708 2089 764 2161 ipso
775 2108 846 2145 anno
859 2090 927 2145 solus
943 2090 1079 2163 respondit
1096 2099 1123 2144 et
1139 2090 1177 2145 ita

269 2175 303 2227 A.
318 2173 471 2229 Cluentium
482 2174 612 2243 defendit,
621 2184 652 2230 ut
669 2176 768 2233 iudices
786 2178 954 2233 absolverint

313 2392 340 2457 Ι.
387 2392 419 2456 1.
442 2393 695 2474 Asmsnvmrrr,
721 2393 858 2477 indicae,
885 2417 1016 2461 omnem
1047 2416 1176 2461 accusa-

267 2501 348 2563 toris
363 2499 544 2592 orationem
558 2499 595 2563 in
611 2498 693 2562 dues
709 2500 849 2564 divisam
870 2522 939 2565 esse
962 2509 1082 2587 partes,
1098 2522 1177 2585 qua-

268 2599 346 2666 rum
371 2604 477 2667 altera
499 2605 582 2667 mihi
607 2604 671 2669 niti
694 2612 727 2669 et
752 2625 873 2689 magno
896 2628 992 2689 opere
1014 2606 1176 2673 confidere

210 2763 212 2767 .
268 2708 443 2770 videbatur
456 2708 582 2771 invidia
601 2709 669 2773 iam
690 2710 872 2777 inveterata
893 2712 1010 2777 iudicii
1032 2712 1177 2795 Iuniani,

201 2796 227 2912 ι’
270 2812 375 2875 altera
398 2819 532 2877 tantum
552 2815 651 2879 modo
676 2819 924 2882 consuetudinis
945 2840 1047 2883 causa
1063 2820 1178 2885 timide

269 2925 303 2983 et
327 2919 512 2985 diffidenter
538 2922 701 3006 attingere
721 2926 882 2990 rationem
901 2926 1052 2991 veneficii
1072 2926 1178 2991 crimi=
1227 2930 1230 2935 “
1318 2908 1319 2929 l

268 3047 372 3092 num:
397 3045 465 3109 qua
480 3026 520 3091 de
534 3048 571 3091 re
585 3028 658 3111 lege
670 3036 720 3093 est
730 3031 811 3095 haec
822 3033 972 3115 quaestio
984 3033 1176 3097 constituta.

268 3132 387 3216 Itaque
409 3134 491 3197 mihi
518 3142 646 3199 certum
672 3132 722 3201 est
745 3138 831 3202 hanc
855 3138 1005 3203 eamdem
1024 3139 1178 3203 distribu-

269 3239 393 3303 tionem
419 3240 562 3305 invidiae
593 3248 627 3306 et
649 3244 826 3317 criminum
853 3244 898 3309 sic
923 3245 960 3307 in
991 3246 1178 3310 defensione

269 3363 410 3426 servare,
432 3351 472 3409 ut
495 3368 607 3411 omnes
629 3348 818 3431 intelligant
839 3338 926 3413 nihil
945 3372 998 3415 me
1020 3372 1081 3417 neo
1104 3352 1178 3415 sub-

270 3450 433 3532 terfugere
463 3453 604 3517 voluisse
634 3454 802 3521 reticendo
830 3478 892 3521 nco
926 3458 1100 3523 obscurare
1132 3458 1178 3521 di-

270 3553 384 3617 cendo.
432 3556 463 3618 2.
489 3556 553 3619 Sed
571 3580 677 3639 quum
694 3561 864 3627 corrsidero
886 3584 953 3645 quo
975 3564 1177 3659 modomihi
