2667 4034
241 258 280 316 56
411 246 416 256 ’
465 273 529 315 rno
551 273 583 315 n.
605 273 767 317 cnunrrrro
791 273 921 316 onnrro.

242 442 429 523 quaesitum
459 441 486 506 si
516 448 600 507 esset
630 443 671 507 de
703 441 916 525 Scamandro,
943 450 1030 508 certe
1059 444 1151 507 idem

241 549 504 632 respondissent:
529 548 660 612 tametsi
680 548 736 613 ille
757 567 826 611 una
847 549 1008 613 sententia
1027 555 1078 614 est
1096 550 1151 613 ab

242 653 381 735 solutus,
397 654 453 717 sed
463 653 561 722 ,illam
575 674 679 717 unam
693 674 790 733 nemo
810 661 884 717 tum
898 632 1038 718 istorum
1054 675 1151 717 snam

242 759 308 823 dici
328 758 437 824 vellet.
474 759 559 823 -106,
584 759 669 823 Uter
694 760 797 843 igitur
823 759 952 823 facilius
977 780 1055 824 suae
1079 780 1150 823 sen-

241 866 365 929 tcntiae
387 865 548 929 rationem
570 864 741 929 redderet:
766 864 849 946 isne,
864 866 922 949 qui
940 886 974 929 se
990 870 1023 929 et
1038 865 1100 928 sibi
1115 872 1150 929 et

241 970 289 1035 rei
313 971 477 1035 iudicatae
502 971 685 1035 constitisse
710 970 801 1052 dicit,
821 991 865 1034 an
888 970 956 1052 ille,
972 970 1030 1054 qui
1055 991 1088 1035 se
1112 971 1150 1033 in

241 1076 424 1161 principem
446 1076 599 1141 maleficii
623 1076 743 1157 lenem,
767 1077 803 1140 in
830 1077 995 1141 adiutores
1019 1078 1090 1141 eius
1114 1083 1150 1141 et

242 1184 386 1247 conscios
400 1184 725 1247 vehementissimum
748 1204 817 1247 esse
836 1182 1037 1267 respondet?
1062 1181 1149 1260 Quo
1222 1189 1225 1194 '
1317 1184 1318 1257 ξ

241 1311 318 1352 rum
333 1309 393 1373 ego
409 1289 449 1353 de
465 1290 627 1353 sententia
637 1311 706 1353 non
717 1289 820 1353 debeo
837 1290 1021 1373 disputare:
1040 1310 1149 1373 neque

242 1395 334 1497 enim
354 1395 469 1459 dubito
493 1395 574 1479 quin
598 1395 623 1457 ii
643 1395 726 1459 tales
747 1395 810 1458 viri
833 1396 1015 1479 suspicione
1036 1396 1149 1478 aliqua

240 1501 382 1584 perculsi
397 1502 568 1585 repentina
584 1501 624 1564 dc
640 1507 730 1565 statu
746 1522 805 1565 suo
821 1501 1028 1565 declinarint.
1074 1499 1149 1578 Qua

240 1628 277 1671 rc
304 1627 430 1688 eorum,
457 1607 514 1690 qui
539 1607 765 1688 absolverunt,
792 1607 1050 1679 misericordiam
1079 1628 1149 1671 non

241 1712 455 1795 reprehendo,
480 1732 605 1797 eorum,
630 1712 748 1796 quiin
774 1707 952 1777 iudicando
979 1713 1148 1796 superiora

240 1817 363 1881 iudicia
378 1818 483 1881 secuti
498 1826 576 1883 sunt
592 1840 653 1883 sua
664 1825 790 1903 sponte,
802 1840 868 1883 non
882 1818 1008 1882 Staieni
1018 1818 1147 1899 fraude,

240 1914 460 1987 constantiam
482 1925 665 2008 comprobo,
682 1946 798 1989 eorum
811 1945 901 2005 vero,
917 1924 976 2008 qui
999 1924 1059 1988 sibi
1078 1940 1148 1987 nore

239 2045 380 2101 mannan
396 2029 564 2111 dixerunt,
576 2031 771 2114 sapientiam
782 2030 895 2110 laudo,
906 2030 964 2112 qui
980 2030 1146 2094 absolvere

240 2156 328 2218 eum,
353 2157 451 2221 quem
473 2138 745 2203 nocentissimum
775 2144 966 2221 cognorant,
981 2144 1023 2201 et
1046 2158 1147 2220 quem

239 2242 301 2327 ipsi
330 2243 380 2306 bis
410 2243 477 2307 iam
506 2250 603 2307 antea
633 2244 902 2325 condemnarant,
928 2243 1021 2308 nullo
1047 2244 1145 2308 modo

239 2356 407 2435 poterant:
433 2350 661 2433 condemnare,
678 2372 783 2433 quum
805 2357 899 2414 tanta
921 2349 1049 2414 consilii
1064 2349 1145 2413 infa-

238 2456 306 2521 mia
321 2463 355 2521 et
368 2463 439 2520 tam
450 2457 569 2522 atrocis
580 2457 628 2521 rei
641 2457 781 2539 suspicio
793 2462 879 2521 esset
889 2456 1020 2536 iniecta,
1032 2454 1144 2541 paullo

238 2563 400 2644 posterius
414 2563 578 2646 patefacta
592 2584 628 2627 rc
640 2562 843 2627 maluerunt.
885 2560 960 2628 107.
983 2562 1034 2627 Ac
1048 2581 1091 2625 nc
1101 2581 1144 2625 ex

238 2666 325 2730 facto
341 2668 449 2731 solum
462 2669 624 2751 sapientes
639 2669 713 2732 illos
733 2668 898 2749 iudicetis,
914 2668 971 2731 scd
986 2668 1086 2732 etiam
1101 2687 1144 2731 ex

237 2771 425 2835 hominibus
435 2773 524 2856 ipsis,
535 2774 625 2856 quod
636 2775 671 2838 hi
683 2774 845 2855 fecerunt,
854 2774 1033 2839 rectissime
1046 2793 1084 2837 ac
1095 2793 1143 2837 sa-

238 2876 440 2961 pientissime
450 2878 575 2943 factum
586 2880 742 2963 probetis,
754 2880 829 2964 quis
840 2879 879 2943 P.
893 2879 1028 2943 Octavio
1039 2877 1142 2943 Balbo

238 2982 369 3066 ingenio
391 2984 595 3068 prudentior,
614 2986 689 3049 iure
711 2985 858 3069 peritior,
878 2984 955 3065 fide,
973 2984 1142 3067 religione,

237 3089 343 3154 officio
367 3089 554 3173 diligentior
574 3097 635 3155 aut
655 3092 798 3155 sanctior
821 3085 1069 3156 commemorari
1088 3110 1142 3173 po-

236 3196 327 3261 test?
352 3197 427 3262 Non
449 3198 597 3263 absolvit.
646 3196 728 3275 Quis
752 3197 791 3275 Q.
817 3198 971 3277 Considio
994 3202 1142 3261 constan-

236 3302 327 3367 tior?
350 3304 424 3385 quis
438 3304 639 3368 iudiciorum
656 3299 755 3387 atque
771 3306 842 3391 eius
858 3304 1041 3389 dignitatis,
1056 3324 1141 3386 quae

142 3430 148 3434 ·
235 3406 272 3469 in
293 3407 424 3471 iudiciis
447 3408 586 3491 publicis
606 3410 731 3473 versari
753 3412 861 3492 debet,
883 3408 1044 3495 peritior?
1067 3409 1141 3492 quis

196 3601 198 3606 ,
236 3509 371 3605 Virtute,
386 3514 532 3594 consilio,
548 3515 742 3580 auctoritate
764 3515 1007 3600 praestantior?
1048 3514 1098 3579 ΝΟ
1113 3514 1141 3577 is
