2667 4034
137 348 152 367 ·
223 323 281 381 100
442 337 507 379 rae
529 337 560 380 A.
584 309 747 380 cauunr'ro
771 337 901 381 0111110.

221 509 375 590 voluerit,
400 509 573 592 optaverit,
597 508 800 592 cogitaverit,
825 508 979 573 effecerit.
1032 508 1129 572 Mitto

221 615 314 680 illam
340 616 481 699 primam
505 614 652 678 libidinis
675 614 845 695 iniuriam,
868 615 964 680 rnitto
986 613 1130 706 nefarias

222 721 336 804 generi
350 721 495 805 nuptias,
510 720 607 784 mitto
622 720 803 804 eupiditate
824 719 939 783 matris
957 720 1131 804 expulsam

223 848 265 891 ex
280 827 489 892 matrimonio
508 824 631 890 filiam:
660 845 745 908 quae
768 825 918 890 nondum
933 826 975 889 ad
990 826 1130 890 huiusce

222 935 310 998 vitae
325 934 522 1018 periculum,
538 934 596 997 sed
612 933 655 996 ad
670 953 844 998 commune
866 931 1011 996 familiae
1035 932 1131 997 dede·

223 1061 282 1105 cus
293 1039 511 1124 pertinebant.
539 1038 631 1102 Nihil
643 1039 684 1103 de
696 1038 808 1102 alteris
818 1038 990 1122 Oppianici
1005 1039 1131 1122 nuptiis

223 1166 361 1229 queror:
393 1165 537 1228 quarum
559 1144 619 1210 illa
641 1166 749 1228 quum
773 1144 900 1208 obsides
922 1143 1008 1232 filios
1031 1144 1131 1208 abeo

223 1258 370 1317 mortuos
389 1251 577 1335 accepisset,
593 1257 666 1315 tum
683 1250 824 1333 deniquo
844 1250 881 1315 in
901 1250 1044 1315 familiae
1058 1251 1131 1314 lue-

223 1363 297 1448 tum
312 1364 412 1440 atque
427 1357 468 1449 in⁴
477 1357 705 1441 privignorum
720 1355 823 1419 funus
834 1356 957 1440 nupsit.
999 1355 1132 1421 Praete

223 1484 291 1543 ree,
307 1462 396 1545 quod
410 1462 453 1525 A.
466 1462 623 1542 Aurium,
639 1461 735 1526 cuius
749 1460 808 1524 illa
822 1461 991 1544 quondam
1006 1481 1131 1542 socrus,

223 1569 322 1653 paulo
353 1574 428 1633 ante
457 1589 544 1633 uxor
570 1568 699 1648 suisset,
725 1588 831 1651 quum
860 1567 1031 1651 Oppianici
1062 1587 1131 1633 esso

224 1696 324 1760 opera
352 1675 572 1760 proscriptum
604 1675 816 1758 occisumque
847 1679 1029 1758 cognosset,
1059 1695 1132 1739 eam
1214 1726 1217 1732 .

225 1782 286 1845 sibi
316 1781 455 1865 domum
484 1781 661 1864 sedemque
692 1780 824 1864 delegit,
850 1780 886 1843 iu
915 1800 983 1863 qua
1012 1780 1131 1845 cotidie
1175 1799 1179 1808 ·

224 1885 401 1970 superioris
411 1885 474 1948 viri
489 1887 605 1950 mortis
619 1872 744 1950 indicia
752 1893 789 1951 et
804 1886 908 1970 spolia
922 1886 1132 1951 fortunarum

223 1992 361 2057 videret.
408 1990 482 2056 189.
506 1991 596 2055 Illud
614 1992 761 2076 primum
776 2012 907 2075 queror,
924 1991 964 2056 de
986 1992 1044 2056 1110
1067 2011 1132 2055 sce·

140 2100 143 2104 '
223 2097 304 2179 lere,
322 2098 411 2181 quod
434 2118 525 2179 nuuc
547 2098 691 2180 denique
714 2097 917 2182 patefactum
938 2093 1000 2178 est,
1021 2097 1132 2160 Fabri-

172 2187 178 2198 *
225 2207 311 2270 ciani
325 2206 463 2270 veneni:
489 2205 664 2289 quodiam
684 2210 758 2269 tum
779 2225 893 2268 reeens
916 2203 1133 2288 suspiciosum

225 2314 374 2394 caeteris,
389 2313 468 2379 huie
482 2312 686 2393 incredibile,
702 2332 792 2377 nune
806 2331 885 2376 vero
900 2317 1050 2395 apertum
1065 2311 1132 2375 iam

225 2419 377 2484 omnibus
392 2439 431 2483 ac
445 2418 658 2482 manifestum
672 2417 820 2482 videtur:
841 2437 907 2481 non
924 2422 973 2481 est
987 2418 1132 2501 profecto

225 2526 267 2590 de
282 2525 341 2592 1110
350 2545 477 2589 veneno
492 2524 598 2588 celata
612 2529 737 2587 mater:
763 2523 847 2586 nihil
863 2529 912 2587 est
928 2523 968 2586 ab
981 2521 1133 2606 Oppiani-

225 2651 264 2694 co
276 2631 345 2693 sine
356 2630 492 2694 consilio
506 2629 657 2693 mulieris
672 2629 870 2712 cogitatum:
893 2628 982 2711 quod
998 2628 1026 2692 si
1036 2635 1132 2708 esset,

226 2742 314 2799 certe
335 2729 459 2818 postea,
481 2735 684 2820 deprehensa
709 2756 756 2816 re,
778 2756 846 2799 non
870 2734 928 2799 ille
950 2742 990 2800 ut
1016 2755 1037 2800 a
1060 2733 1132 2800 vi'ro

225 2841 373 2924 improbo
388 2841 597 2923 discessisset,
613 2842 671 2905 sed
684 2848 733 2914 ut
751 2861 771 2905 a
792 2841 1018 2906 crudelissimo
1039 2841 1132 2907 hoste

225 2946 363 3030 fugisset
385 2946 585 3030 domumque
609 2947 702 3010 illam
727 2947 764 3010 in
789 2953 987 3031 perpetuum
1012 2946 1132 3012 scelere
1209 2932 1211 2936 ¹

226 3054 316 3119 omni
331 3053 533 3118 adfluentem
548 3053 746 3136 reliquisset.
791 3053 867 3118 190.
891 3053 967 3118 Non
985 3054 1082 3119 modo
1098 3054 1132 3117 id

226 3181 293 3224 non
308 3160 396 3240 feeit,
408 3160 465 3223 sed
481 3160 522 3222 ab
533 3159 595 3246 illo
606 3167 753 3244 tempore
769 3160 902 3224 nullum
916 3160 1028 3225 locum
1042 3181 1133 3245 prae-

225 3265 378 3344 termisit,
393 3265 428 3328 in
444 3286 511 3348 quo
530 3286 598 3329 non
620 3271 764 3330 strueret
785 3265 920 3343 insidias
943 3265 1071 3349 aliquas
1095 3287 1133 3331 ec

183 3359 188 3364 ’
226 3371 296 3434 dies
322 3370 447 3434 omnes*
461 3377 561 3454 atquo
586 3377 699 3436 noctes
729 3377 799 3436 tota
824 3360 935 3436 mente
961 3379 1068 3436 mater
1092 3374 1133 3437 de

216 3476 369 3555 ’pernicie
391 3476 452 3538 filii
474 3477 642 3559 cogitaret.
691 3477 784 3554 Quae
808 3477 954 3562 primur'n
975 3479 1135 3544 utillum

227 3578 436 3642 confirmaret
462 3580 680 3662 Oppianicum
711 3591 936 3648 accusatorem
965 3584 1034 3649 filio
1062 3582 1147 3666 suc,¹
