2667 4034
231 302 270 357 lo
454 317 520 359 rao
541 317 572 357 A.
594 312 756 359 causano
780 312 911 358 enarro.

229 493 309 568 tem,
339 488 538 571 comprobat.
594 486 699 551 Istam
725 486 991 551 'conciliationem
1014 486 1141 569 gratiae

232 592 387 658 Staienus
417 600 492 658 tum
520 579 646 659 recenti
676 614 724 675 re,
754 614 860 677 quum
890 592 1040 657 faucibus
1070 612 1142 676 prc-

230 706 390 781 meretur,
403 701 611 784 cxcogitavit,
627 701 706 781 sive,
721 707 762 763 ut
776 700 925 764 homines
940 706 1013 762 tum
1027 697 1140 785 loquo:

230 806 364 887 bantur,
395 826 415 871 a
444 806 483 870 Ρ.
516 806 662 889 Cethego
691 806 891 885 admonitus,
920 805 1018 868 istam
1048 803 1141 868 dedit

231 912 468 976 conciliationis
479 918 514 977 et
525 912 650 995 gratiae
664 912 822 975 fabulam.
863 910 915 975 85.
937 909 1023 974 Nam
1038 910 1140 974 fuisso

229 1014 320 1081 hunc
332 1023 406 1081 tum
417 1017 592 1082 hominum
603 1038 789 1082 sermonem
803 1016 969 1082 recordari
984 1012 1138 1100 potestis:

232 1122 426 1206 Cethegum,
449 1123 538 1207 quod
562 1124 732 1188 hominem
755 1122 877 1189 odisset
898 1128 932 1187 et
953 1122 1043 1205 quod
1068 1122 1140 1193 eius

230 1228 472 1312 improbitatem
485 1229 609 1294 versari
623 1228 659 1292 in
674 1249 710 1295 re
725 1229 857 1313 publica
876 1228 980 1293 nollet
999 1234 1032 1293 et
1049 1228 1139 1311 quod

229 1334 356 1399 rideret
369 1354 459 1416 eum,
470 1336 529 1420 qui
543 1356 578 1400 sc
593 1335 634 1399 ab
648 1354 706 1399 reo
720 1336 906 1419 pecuniam,
917 1356 1022 1418 quum
1037 1333 1140 1398 iudex

230 1447 326 1522 essct,
352 1441 561 1525 clamatque
586 1449 683 1506 extra
709 1442 859 1506 ordinem
883 1441 1044 1525 accepisse
1065 1461 1140 1505 eon-

230 1545 334 1610 fessus
363 1554 459 1627 esset,
486 1548 616 1612 salvum
645 1567 715 1612 esse
745 1568 812 1612 non
842 1568 947 1632 posse,
973 1548 1084 1611 minus
1108 1547 1141 1611 ei

229 1650 327 1715 fidele
356 1653 531 1716 consilium
561 1654 699 1719 dedisse.
757 1653 799 1718 In
826 1653 889 1718 hoe
915 1654 943 1717 si
971 1653 1140 1737 improbus

231 1756 403 1840 Cethegus·
419 1757 495 1839 fuit,
518 1759 652 1824 videtur
678 1760 761 1824 mihi
785 1759 1011 1824 adversarium
1037 1780 1141 1823 remo

229 1882 305 1927 vcro
327 1858 480 1928 noluisse.
527 1863 586 1929 Sin
601 1872 674 1930 erat
688 1866 759 1930 cius
774 1864 865 1930 modi
880 1884 992 1947 causa,
1006 1870 1047 1929 ut
1069 1864 1141 1929 Sta-

228 1968 325 2033 ienus
344 1990 464 2035 numos
478 1991 513 2035 se
527 1972 689 2056 accepisse
704 1992 825 2062 negare
840 1992 908 2036 non
922 1978 1040 2056 posset,
1055 1970 1140 2036 nihil

229 2083 343 2140 autem
351 2084 423 2141 erat
433 2077 650 2161 periculosius
659 2098 722 2141 nco
733 2077 865 2161 turpius
875 2096 978 2160 quam
987 2077 1029 2141 ad
1038 2097 1141 2160 quam

229 2202 301 2246 rem
312 2184 489 2267 accepisset
499 2182 660 2263 confiteri,
672 2204 740 2248 non
755 2190 805 2248 est
816 2184 991 2248 consilium
1003 2183 1141 2266 Cethegi

228 2288 547 2371 reprehendendum.
605 2288 659 2353 86.
682 2288 812 2354 Verum
843 2289 908 2354 alia
938 2308 1037 2354 causa
1065 2294 1140 2353 tum

230 2392 359 2458 Staieni.
374 2395 450 2476 fuit,
466 2396 647 2477 alianum,
662 2396 755 2477 Acci,
770 2403 830 2461 tua
851 2403 911 2461 est.
950 2395 1012 2461 Illo
1034 2417 1140 2479 quum

228 2520 265 2564 rc
280 2508 495 2583 premeretur,
506 2502 740 2585 quodcumque
756 2503 891 2582 diceret,
906 2503 1076 2567 honestius
1091 2502 1140 2564 di·
1156 2499 1159 2503 ’

195 2651 198 2656 -
228 2613 328 2685 caret,
339 2627 440 2688 quam
451 2608 490 2686 si,
500 2608 589 2690 quod
598 2615 670 2672 erat
680 2608 817 2690 lactum,
826 2608 1005 2673 fateretur:
1018 2614 1140 2673 tevero

229 2708 315 2772 illud
336 2710 436 2790 idem,
451 2712 542 2793 quod
562 2719 638 2776 tum
658 2713 833 2797 explosum
854 2721 890 2779 et
912 2715 1054 2779 eiectum
1077 2722 1139 2796 cst,

229 2835 320 2879 nunc
342 2816 508 2881 rettulisse
530 2818 685 2884 demiror.
732 2819 799 2899 Qui
814 2820 903 2885 enim
918 2826 1047 2906 poterat
1064 2828 1139 2884 tum

228 2920 263 2985 in
278 2921 420 3003 gratiam
439 2922 547 2988 redire
569 2945 646 2990 cum
660 2924 841 3010 Oppianico
857 2924 1056 2991 Cluentius?
1080 2926 1139 3009 qui
1253 3017 1256 3021 1

228 3048 306 3092 cum
330 3027 461 3093 matre?
500 3028 670 3096 Haerebat
691 3032 726 3095 in
748 3033 871 3097 tabulis
896 3032 1036 3116 publicis
1062 3052 1139 3096 reus

228 3139 262 3197 ct
288 3120 476 3199 aecusator}
510 3135 719 3200 condemnati
753 3143 848 3202 erant
881 3136 1042 3201 Fabricii:
1077 3156 1139 3199 noe

145 3260 154 3279 ·
228 3239 314 3302 elabi
328 3242 393 3304 alio
408 3249 597 3307 accusatore
612 3249 742 3325 potarat
756 3243 875 3307 Albius
887 3264 948 3307 nec
964 3244 1034 3308 sine
1048 3244 1139 3327 igno-

227 3344 332 3407 minia
352 3343 538 3409 calumniae
559 3346 746 3429 relinquero
762 3349 1003 3413 accusationem
1020 3349 1139 3412 Cluen-

228 3451 305 3508 tius.
341 3446 494 3511 XXXII.
530 3449 583 3514 87.
607 3451 662 3514 An
673 3458 713 3514 ut
724 3453 1031 3535 praevaricaretur?
1066 3453 1140 3517 Iam

170 3619 174 3625 ,
228 3548 264 3609 id
286 3570 417 3631 quoquc
438 3552 481 3615 ud
501 3556 782 3638 corrmnpcrulum
801 3557 962 3621 iudicium
982 3560 1137 3642 pertinet.
