2667 4034
375 319 445 362 cnr.
466 320 667 361 avua-arx.
710 303 955 370 §slata-ror„
1064 305 1102 362 87

192 490 346 570 dixerim,
362 488 514 573 pluribus
532 489 636 572 egisse
650 489 770 569 verbm,
786 489 946 553 attendite
962 489 1100 571 reliqua.

192 595 345 660 Profecto
365 593 560 678 intelligetis
581 614 631 675 ea,
646 614 732 678 quac
755 594 869 678 paucis
885 593 1103 658 demonstrari

191 703 374 786 potuerint,
388 701 580 764 brevissime
595 719 664 764 esse
681 700 824 764 defensa.

206 859 210 862 .
238 807 313 870 161.
341 806 402 870 On.
426 805 566 870 Decidio
593 805 746 886 Samniti,
770 806 886 890 ei,'qui
901 791 1119 891 proscriptus

193 919 254 995 est,
270 913 428 976 iniuriam
448 912 485 975 in
509 911 696 976 calamitate
720 911 845 975 eiusab
861 913 962 975 huius
978 912 1103 976 familia

194 1019 316 1083 factam
331 1037 400 1082 esse
413 1017 537 1081 dixisti.
572 1016 625 1081 Ab
640 1016 735 1080 nullo
749 1016 806 1081 ille
821 1017 990 1082 liberalius
1002 1039 1104 1102 quam

195 1145 216 1189 a
239 1124 392 1188 Cluentio
407 1115 577 1186 ⁴tractatus
599 1127 659 1186 est.
714 1121 827 1186 Huius
849 1123 946 1188 illum
968 1144 1044 1208 opes
1066 1124 1104 1188 in

102 1211 107 1218 ¹
195 1230 294 1295 rebus
309 1229 381 1294 eius
395 1228 705 1293 incommodissimis
721 1228 944 1292 sublevarent.
993 1230 1103 1312 Atque

193 1336 256 1400 hoc
272 1357 378 1419 quum
401 1335 470 1420 ipse
491 1339 567 1398 tum
581 1335 654 1398 eius
670 1335 767 1398 amici
783 1335 1022 1417 necessariique
1038 1356 1104 1398 om-

193 1461 253 1506 nes
281 1448 476 1524 cognorunt.
528 1440 689 1504 Ancharii
715 1445 748 1504 et
773 1439 894 1503 Paceni
919 1440 1104 1524 pastoribus

193 1548 297 1612 liuius
319 1546 458 1610 vilicum
478 1547 547 1610 vim
573 1552 608 1610 ct
632 1566 752 1610 manus
779 1545 937 1609 attulisse.
962 1595 965 1600 .
991 1545 1104 1622 Quum

194 1653 359 1737 quaedam
379 1653 416 1717 in
439 1653 589 1732 collibus,
611 1658 652 1717 ut
674 1651 767 1734 solet,
791 1653 1011 1716 controversia
1035 1673 1104 1736 pas

194 1765 307 1826 torum
322 1766 408 1824 esset
422 1766 506 1840 orta,
522 1758 638 1822 Habiti
652 1758 742 1822 vilici
757 1779 828 1822 rem
844 1758 968 1842 domini
987 1765 1020 1823 et
1041 1759 1105 1843 pri·

193 1873 307 1930 vatam
336 1866 571 1950 possessionem
599 1865 828 1930 defenderunt.
881 1866 994 1943 Quum
1020 1871 1104 1930 esset

195 1972 417 2056 expostulatio
443 1971 542 2051 iacta,
565 1991 666 2035 causa
689 1971 754 2035 illis
777 1972 1010 2052 demonstrata,
1034 1973 1103 2035 sine

194 2078 319 2142 iudicio
344 2077 631 2159 controversiaque
655 2076 836 2140 discessum
857 2083 917 2140 est.
963 2077 1038 2140 162.
1063 2077 1102 2139 Ρ.

195 2184 284 2248 Aelii
310 2167 507 2248 testamento
530 2182 735 2266 propinquus
758 2182 976 2246 exheredatus
999 2203 1104 2264 quum
1185 2174 1196 2187 ”

196 2296 293 2370 esset,
303 2290 399 2354 heres
413 2289 468 2352 hic
483 2288 622 2353 alienior
636 2288 716 2352 insti
730 2295 809 2352 utus
824 2294 883 2352 est.
932 2287 971 2350 P.
988 2286 1104 2350 Aelius

195 2395 313 2459 Habiti
336 2395 454 2460 merito
477 2395 567 2475 iecit,
583 2414 690 2477 neque
712 2394 767 2458 hic
788 2394 824 2456 in
847 2399 1042 2458 testamento
1060 2393 1105 2456 sa-

196 2502 313 2567 ciando
327 2502 490 2583 interfuit,
505 2501 607 2584 idque
628 2508 864 2564 testamentum
887 2502 927 2564 ab
942 2501 1042 2564 huius
1056 2501 1104 2563 in-

196 2608 295 2672 imico
310 2608 489 2693 Oppianico
505 2614 555 2672 est
575 2607 794 2690 obsignatum.
840 2607 937 2670 Floro
956 2606 1105 2689 legatum

197 2735 240 2781 ex
255 2721 451 2780 testamento
466 2713 648 2779 infitiatum
663 2734 747 2790 csse,
782 2713 857 2777 Non
872 2719 922 2778 est
935 2714 993 2777 ita.
1041 2713 1106 2778 Sed

198 2842 303 2905 quum
318 2820 377 2885 HS
393 2839 467 2884 xxx
484 2821 605 2906 scripta
627 2826 736 2886 essent
757 2842 816 2904 pro
834 2819 893 2884 Hs
910 2821 982 2903 oce,
998 2841 1105 2904 neque
1217 2889 1220 2895 ,

198 2928 229 2992 ei
258 2934 394 2991 cautum
426 2929 505 2992 satis
531 2928 712 3008 videretur,
738 2927 843 2992 voluit
873 2947 951 2990 cum
981 2926 1106 3008 aliquid

198 3041 371 3116 acceptum
386 3033 508 3104 referre
523 3033 715 3097 liberalitati
729 3053 816 3098 suae.
861 3031 972 3094 Primo
989 3031 1105 3092 dcbcrc

146 3171 149 3175 ²
197 3141 350 3224 negavit:
377 3146 450 3224 post
474 3140 542 3204 sine
566 3141 784 3222 corrtroversia
807 3137 911 3202 solvit.
960 3135 1029 3199 Oeii
1052 3155 1107 3198 ou·
1151 3146 1154 3149 ’
1208 3171 1214 3186 ‹

197 3247 331 3311 iusdam
350 3246 507 3311 Samnitis
522 3267 663 3311 uxorem
678 3251 751 3330 post
764 3244 890 3320 bellum
905 3244 945 3336 ab
960 3243 1022 3306 hoc
1037 3260 1106 3304 esse

198 3353 384 3438 repetitam.
420 3351 596 3416 Mulierem
607 3373 714 3435 quum
729 3351 860 3414 emisset
876 3369 895 3412 a
910 3347 1104 3412 sectoribus:

199 3481 265 3545 quo
282 3466 427 3542 tempore
451 3477 525 3521 carn
547 3457 693 3540 primum
716 3455 855 3518 liberam
877 3476 946 3518 csse
969 3453 1107 3534 audivit,
1163 3449 1167 3457 '

199 3566 270 3631 sine
295 3563 418 3628 iudicio
449 3561 593 3626 reddidit
620 3560 710 3625 Ceio.
757 3559 831 3625 163.
865 3559 1012 3624 Ennium
1039 3579 1107 3625 esse
