2667 4034
430 318 663 364 osanna-x.
704 303 881 369 §tid—20.
917 290 920 299 ’
1067 304 1103 361 15

198 485 325 551 fantem
344 485 466 569 filium,
481 487 567 551 alter
588 494 702 561 autem
724 488 796 551 eius
816 487 918 569 filius,
932 487 1035 572 Papia
1048 508 1105 552 na-

197 598 265 672 tus,
280 592 385 657 Teani
400 593 514 678 Apuli,
529 593 619 675 quod
634 594 727 657 abest
741 612 761 657 a
774 591 897 657 Larino
907 610 998 659 ‚xvm
1012 594 1105 657 milia

198 718 369 781 passuum,
384 698 474 782 apud
495 705 638 764 matrem
657 699 868 779 educaretur,
880 701 1017 765 *arcessa
1032 700 1105 763 sub-

198 802 246 866 itc
268 804 338 867 sine
361 823 461 867 causa
483 802 626 888 puerum
645 804 779 869 Teano:
803 805 893 888 quod
913 805 1019 869 facere
1041 806 1105 869 nisi

197 908 286 972 ludis
302 909 442 994 publicis
456 915 517 973 aut
530 910 621 976 festis
644 910 761 975 diebus
775 916 873 977 antea
886 932 954 975 non
969 911 1103 975 solebat.

198 1013 305 1078 Mater
320 1014 403 1079 nihil
419 1014 500 1079 mali
513 1016 633 1080 misera
650 1016 819 1099 suspicans
833 1016 947 1083 mittit.
993 1015 1055 1080 Ille
1071 1036 1104 1080 se

198 1120 383 1185 Tarentum
396 1120 559 1205 proficisci
572 1143 679 1205 quum
699 1122 896 1204 simulasset,
912 1141 951 1187 eo
965 1122 1036 1206 ipsc
1051 1123 1104 1186 die

196 1245 293 1309 puer,
308 1226 391 1291 hora
404 1226 582 1291 undecima
595 1248 703 1311 quum
725 1227 838 1295 valens
857 1228 894 1293 in
914 1227 1044 1311 publico
1059 1228 1106 1290 vi-

197 1352 256 1395 sus
271 1337 366 1412 esset,
376 1324 459 1395 'ante
480 1338 613 1397 noctem
633 1339 787 1398 mortuus
808 1339 843 1397 et
857 1333 1013 1416 postridie
1029 1339 1105 1397 ante

198 1435 705 1521 quamluceretccmbustusest.
745 1437 798 1501 28.
815 1438 927 1520 Atque
936 1438 1106 1501 hunctan·

197 1549 273 1608 tum
283 1564 467 1607 maerorem
478 1544 577 1607 matri
587 1544 681 1627 prius
691 1544 865 1611 hominum
880 1564 995 1615 rumor
1005 1564 1106 1625 quam
1182 1612 1188 1623 ‚

198 1648 375 1732 quisquam
400 1669 442 1715 ex
469 1648 640 1733 Oppianici
661 1648 788 1714 familia
809 1650 990 1717 nunciavit.
1041 1648 1106 1714 Illa

198 1775 306 1837 quum
316 1754 972 1838 unctemporeaudissetsibinoasolum
983 1755 1105 1837 filium,
1194 1762 1198 1773 ’

199 1860 256 1925 sed
271 1861 372 1939 etiam
386 1862 620 1944 exsequiarum
627 1882 755 1925 munus
770 1870 932 1947 ereptum,
943 1862 1105 1929 Larinum

199 1966 370 2037 confestim
385 1967 574 2031 exanimata
587 1968 680 2031 venit
694 1973 728 2033 et
742 1968 789 2033 ibi
804 1968 845 2033 de
860 1969 988 2052 integro
1003 1968 1104 2033 funus

198 2074 267 2137 iam
288 2072 417 2157 sepulto
438 2072 507 2137 filio
528 2073 616 2139 fecit.
662 2072 743 2137 Dies
764 2074 915 2139 nondum
929 2072 1043 2139 decem
1056 2075 1105 2138 in-

197 2185 427 2260 tercesserant,
439 2200 545 2262 quum
555 2180 612 2243 ille
627 2180 713 2248 alter
727 2179 817 2245 fflius
831 2180 939 2245 infans
954 2186 1102 2245 necatur.

198 2284 317 2368 Itaque
332 2284 430 2348 nubit
452 2283 630 2368 Oppianico
652 2285 810 2352 continuo
834 2284 952 2367 Sassia,
967 2283 1105 2349 laetanti

198 2392 267 2455 iam
292 2391 401 2455 animo
426 2397 460 2455 et
484 2411 540 2475 spe
564 2391 690 2474 optima
715 2391 916 2457 confirmato.
961 2390 1031 2455 Nec
1046 2390 1105 2454 mi-

199 2518 287 2578 rum
301 2517 386 2580 quae
402 2517 437 2561 se
454 2518 522 2561 non
544 2496 748 2579 nuptialibus
769 2495 873 2576 donis,
889 2496 946 2561 sed
960 2495 1106 2561 filiorum

198 2602 371 2669 funeribus
391 2623 462 2667 esse
485 2602 658 2669 delinitam
680 2601 817 2667 videret.
863 2601 916 2667 Ita
931 2601 1020 2685 quod
1036 2622 1105 2666 cae-
1183 2604 1189 2619 '

198 2708 263 2772 teri
289 2716 424 2794 propter
448 2708 569 2775 liberos
596 2709 759 2793 :pecuniae
790 2708 973 2792 cupidiores
1000 2708 1106 2773 solent

200 2834 281 2895 esse,
301 2814 358 2879 ille
382 2822 515 2900 propter
537 2814 713 2900 pecuniam
738 2813 857 2879 liberos
883 2816 1033 2883 amittere
1056 2815 1106 2879 iu-

200 2923 349 2987 cundum
362 2934 433 2987 e’sse
453 2923 561 2988 duxit.
607 2921 654 2987 X.
680 2922 732 3007 29,
758 2914 881 3004 sentio,
896 2923 1105 3001 indicentes

199 3049 259 3113 pro
273 3036 382 3094 vestra
396 3030 604 3094 humanitate
624 3030 676 3093 his
696 3031 797 3095 tantis
813 3029 988 3093 sceleribus
1002 3027 1106 3090 brevi-

201 3140 253 3199 ter
267 3154 287 3199 a
300 3156 354 3199 me
365 3135 596 3222 demonstratis
607 3136 819 3201 vehementer
830 3152 899 3197 esse
915 3138 1103 3197 commotos.

202 3239 275 3317 Quo
290 3241 425 3305 tandem
440 3243 543 3324 igitur
559 3242 669 3305 animo
684 3242 785 3306 fuisse
800 3239 873 3305 illos
890 3237 1105 3318 arbitramini,
1162 3285 1164 3289 .

200 3346 320 3429 quibus
342 3348 394 3411 his
413 3348 459 3411 de
479 3348 579 3411 rebus
598 3368 668 3413 non
690 3346 788 3411 modo
809 3344 1013 3409 audiendum
1031 3342 1105 3424 fuit,

200 3454 440 3540 verumetiam
462 3450 705 3517 indicandum?
750 3450 821 3517 Vos
845 3450 967 3523 auditis
991 3449 1032 3513 de
1056 3470 1105 3529 eo,

186 3561 237 3627 *ln
252 3581 352 3645 quem
365 3559 491 3625 iudices
513 3578 581 3621 non
598 3558 687 3637 estis,
703 3556 743 3621 de
759 3576 809 3637 eo,
824 3576 925 3639 quem
938 3576 1006 3619 non
1020 3554 1107 3618 vide·
