2667 4034
248 324 287 380 90
467 341 532 383 rno
553 341 584 382 1.
607 340 771 382 11111111
794 337 926 381 enarro.

247 508 322 574 168.
341 510 434 594 Nego
446 510 544 575 illum
555 511 806 590 adolescentem,
817 530 916 593 quem
932 509 1044 572 statim
1056 515 1153 592 epoto

246 615 364 700 poculo
379 623 549 680 mortuum
563 637 633 680 esse
645 616 786 696 dixistis
796 615 930 679 omnino
944 613 1002 676 illo
1015 613 1067 676 die
1084 633 1153 677 cssc

246 728 427 785 mortuum.
474 720 635 804 Magnum
660 722 796 785 crimen.
810 728 844 784 et
865 719 1040 804 impudens
1063 739 1154 782 men-

248 827 390 892 dacium.
436 827 614 912 Perspicite
634 821 775 892 caetera.
822 827 904 890 Dico
923 826 1032 905 illum,
1047 847 1155 908 quum

247 932 290 996 ad
311 933 396 997 illud
419 934 597 1018 prandium
619 935 754 999 crudior
772 934 916 997 venisset
935 938 978 1012 et,
1001 938 1042 995 ut
1064 940 1155 995 aetas
1193 929 1199 936 “

245 1039 305 1102 illa
326 1038 401 1119 sert,
424 1039 485 1102 sibi
510 1046 586 1103 tum
611 1061 679 1105 non
704 1039 912 1124 pepercisset,
936 1037 1061 1120 aliquot
1084 1038 1154 1101 dies

247 1140 436 1236 aegrotasse
453 1150 487 1209 et
507 1145 556 1209 ita
577 1166 647 1211 esse
669 1152 850 1210 mortrmm.
897 1143 979 1221 Quis
1000 1143 1081 1208 huic
1105 1144 1154 1207 rei

246 1250 339 1314 testis
358 1249 431 1314 est?
453 1277 458 1283 ’
477 1250 583 1332 Idem,
605 1252 664 1334 qui
687 1251 739 1315 sui
762 1251 885 1330 luctus,
908 1256 1019 1334 pater:
1048 1256 1153 1334 pater,

246 1355 394 1438 inquam,
409 1355 499 1420 illius
514 1356 748 1421 adolescentis:
774 1377 875 1439 quern
896 1362 1029 1439 propter
1051 1354 1154 1418 animi

247 1461 394 1525 dolorem
415 1463 584 1546 pertenuis
607 1463 746 1546 suspicio
769 1463 929 1546 potuisset
950 1481 992 1524 ex
1007 1460 1066 1524 illo
1080 1459 1154 1524 loco

246 1573 365 1632 testem
379 1567 415 1630 in
430 1567 472 1631 A.
491 1567 684 1632 Cluentium
706 1567 916 1646 constituere,
931 1567 960 1629 is
982 1567 1072 1630 hunc
1093 1587 1153 1631 suo

247 1672 434 1736 testimonio
452 1673 612 1755 sublevat,
622 1673 711 1756 quod
726 1673 838 1737 recita.
869 1671 938 1736 ·Tu
954 1678 1078 1753 autem,
1089 1671 1154 1735 nisi

247 1778 424 1842 molestum
447 1784 507 1860 est,
534 1779 713 1863 paullisper
736 1799 898 1862 exsurge:
931 1777 1041 1862 perfer
1062 1778 1154 1842 hunc

248 1882 394 1946 dolorem
420 1871 738 1949 commemorationis
768 1884 990 1949 necessariae:
1025 1885 1061 1947 in
1087 1903 1155 1966 qua

247 2009 308 2073 ego
323 1989 450 2059 diutius
468 2011 536 2054 non
550 1991 714 2072 morabor,
730 1991 897 2074 quoniam,
907 1991 996 2073 quod
1012 1990 1077 2053 fnit
1091 1990 1154 2052 viri

247 2095 374 2179 optimi,
389 2095 507 2178 fecisti,
522 2101 563 2160 nt
584 2115 626 2160 ne
649 2096 703 2160 cni
729 2095 897 2160 innocenti
922 2115 1052 2159 maeror
1073 2101 1154 2159 tuus

248 2201 470 2266 calamitatem
485 2208 518 2266 et
533 2201 654 2265 falsum
669 2203 795 2266 crimen
810 2201 963 2266 adferret.

291 2307 382 2372 LXI.
416 2308 491 2372 169.
523 2309 640 2373 Unum
664 2309 765 2372 etiam
788 2309 870 2373 milri
894 2308 1059 2392 reliquum
1082 2309 1155 2372 eius

247 2414 337 2480 modi
360 2415 485 2480 crimen
505 2422 566 2497 est,
580 2415 720 2496 iudiceS,
736 2435 777 2480 111
793 2436 859 2498 quo
873 2415 957 2478 illud
972 2416 1155 2500 perspicere

246 2521 387 2605 possitis,
403 2522 528 2604 quoda
544 2541 598 2586 me
617 2521 714 2585 initio
734 2522 889 2587 orationis
912 2541 1004 2585 meac
1028 2521 1156 2585 dictum

247 2631 315 2689 est:
340 2626 502 2709 quidquid
520 2626 599 2690 mali
616 2647 674 2711 per
687 2628 784 2691 hosce
800 2647 903 2691 anrros
918 2628 960 2690 A.
979 2626 1156 2691 Cluentius
1248 2691 1251 2696 ,

247 2730 379 2810 11111111,
395 2731 557 2814 quidquid
572 2733 634 2797 hcc
652 2739 799 2817 tempore
821 2733 976 2796 habuerit
999 2732 1155 2797 sollicitu-

248 2835 333 2898 dinis
349 2854 387 2898 ac
402 2837 541 2919 negocii,
552 2837 587 2900 id
603 2858 699 2903 omne
716 2833 857 2902 amatre
872 2858 940 2902 esse
961 2834 1153 2902 conflatum.

247 2941 466 3026 Oppianicum
479 2963 606 3007 veneno
624 2949 780 3008 necatum
796 2964 876 3024 esse,
889 2943 977 3027 quod
992 2944 1022 3007 ei
1039 2943 1156 3007 datum

248 3048 339 3112 sitin
354 3068 438 3132 pane
453 3067 512 3132 per
521 3047 566 3111 M.
578 3049 743 3112 Asellium
758 3049 947 3132 quemdam,
958 3043 1156 3112 familiarem

247 3155 349 3236 111111,
367 3155 467 3239 idque
489 3154 605 3219 Habiti
632 3156 766 3220 consilio
790 3155 917 3220 factum
941 3176 1010 3220 esse
1034 3155 1153 3218 dicitis.

246 3257 289 3322 In
303 3281 369 3343 quo
391 3261 538 3344 primum
560 3260 646 3324 illud
666 3281 801 3343 quaero,
816 3281 901 3344 quac
917 3281 1017 3324 causa
1031 3260 1156 3325 Habito

247 3365 360 3445 fuerit,
376 3385 437 3429 cur
450 3365 635 3431 interficere
655 3366 873 3450 Oppianicum
888 3366 996 3430 vellet.
1042 3365 1157 3430 Inimi-

248 3470 341 3532 citias
356 3469 445 3532 enim
458 3470 547 3534 inter
560 3471 647 3554 ipsos
662 3471 763 3535 fuisse
786 3471 955 3556 confiteor,
974 3472 1032 3536 sed
1053 3472 1157 3536 homi.-

249 3590 307 3635 nes
328 3573 478 3638 inimicos
501 3595 576 3639 suos
598 3581 704 3641 morte
728 3575 825 3640 adfici
846 3578 976 3661 volunt,
992 3584 1052 3643 aut
1066 3577 1157 3662 quod
1178 3631 1185 3642 .
