2667 4034
364 331 966 399 car.xxx1v.-xxxv.§§9ti-97.·
1065 331 1103 387 51
1229 316 1232 324 ’

192 518 285 599 mali,
300 522 465 601 quantum
489 516 630 601 periculi
652 514 714 580 uni
739 516 861 598 cuique
885 522 1037 581 nostrum
1055 516 1105 581 iu·

193 624 279 688 terre
308 623 410 707 possit
438 623 489 685 vis
519 601 708 703 tribunicia,
740 621 882 686 conflata
912 622 1105 705 praesertim

141 768 144 770 Α
193 729 321 793 invidia
341 734 377 792 et
392 719 606 792 'contionibus
632 727 783 791 seditiose
806 726 988 791 concitatis.
1044 726 1105 811 Op-

194 834 286 899 timis
308 834 445 898 hercule
466 832 681 917 temporibus,
706 838 795 913 tum,
819 854 926 916 quum
954 832 1105 897 hemines

194 961 228 1005 ss
251 959 319 1004 non
343 940 521 1004 iactatione
542 938 705 1023 populari,
731 939 789 1003 sed
820 938 980 1022 dignitate
1004 944 1105 1023 atquo

193 1046 383 1109 innocentie
403 1044 599 1124 tuebantur,
611 1049 724 1108 temen
746 1064 808 1109 nec
827 1044 867 1109 P.
883 1044 1032 1130 Popilius
1048 1065 1104 1109 ne-

194 1168 260 1233 que
275 1150 315 1228 Q.
332 1149 500 1230 Metellus,
515 1149 688 1213 clarissimi
707 1150 770 1214 viri
786 1156 886 1233 utque
900 1150 1105 1235 amplissimi„

193 1256 262 1319 vim
277 1256 489 1319 tribuniciam
503 1255 666 1319 sustinere
684 1261 885 1340 potuerunt:
909 1256 1033 1320 nedum
1052 1256 1105 1320 nis

193 1355 408 1445 temporibus
428 1360 481 1424 his
502 1360 663 1440 moribus,
681 1360 735 1424 his
755 1360 1011 1443 magistratibus
1034 1361 1105 1425 sind

193 1474 304 1531 vestra
326 1468 486 1551 snpientia
502 1487 541 1531 ac
556 1467 627 1530 sine
642 1466 845 1531 iudiciorum
858 1464 1011 1531 remediis
1023 1466 1104 1530 salvi

195 1589 265 1638 csse
276 1570 449 1657 possimus.
489 1573 542 1636 96.
565 1572 642 1637 Non
652 1571 718 1637 luit
733 1572 818 1635 illud
829 1572 932 1655 igitur
942 1572 1104 1637 iudicium

193 1679 312 1742 indicii
333 1678 453 1759 simile,
473 1678 614 1758 indices,
630 1698 698 1743 non
717 1677 794 1758 fuit,
809 1678 846 1742 in.
866 1698 934 1761 que
950 1698 1017 1742 non
1037 1699 1106 1743 mo-

196 1784 260 1847 dus
280 1783 374 1847 ullus
390 1790 443 1848 cst
459 1784 638 1864 adhibitus,
653 1804 721 1849 non
743 1804 814 1847 mos
834 1784 1106 1868 consuetudoque

195 1897 337 1969 serrata,
350 1904 418 1953 non
439 1909 541 1953 eausa
562 1889 706 1953 defensa.
753 1888 816 1954 Vis
839 1890 898 1953 illa
918 1888 982 1953 fuit
1005 1894 1050 1971 ct,
1064 1896 1104 1955 ut
1140 1919 1144 1925 ·

195 2010 292 2079 saepe
313 1996 380 2059 iem
401 1994 483 2075 dixi,
498 1996 598 2059 ruine
619 1995 785 2078 quaedem
806 2002 905 2078 atquc
927 2002 1105 2081 tempestus

148 2136 152 2141 ‚
194 2108 230 2166 ot
250 2101 380 2185 quidvis
397 2101 505 2185 potius
523 2121 626 2184 qnam
646 2100 810 2165 iudicium
831 2108 891 2165 aut
914 2102 1105 2185 disceptatio

194 2214 255 2271 sut
279 2208 438 2289 quaestio.
485 2205 582 2283 Quod
608 2205 637 2269 si
660 2205 736 2288 quis
759 2205 888 2288 estqui
909 2204 994 2267 illud
1020 2204 1104 2268 iudi·

194 2313 285 2377 cium
306 2312 409 2377 inisse
426 2313 606 2376 arbitretur
627 2317 661 2377 et
683 2312 810 2395 quibis
829 2311 928 2376 rebus
949 2309 1105 2375 indicatis

194 2419 352 2483 standum
379 2425 485 2503 putet,
508 2419 539 2483 is
566 2426 679 2483 tamen
707 2419 794 2482 hanc
822 2438 956 2483 seusam
982 2417 1022 2479 ab
1045 2415 1104 2479 illu

195 2526 294 2590 debet
320 2525 502 2609 seungsre.
533 2511 611 2590 *aa
640 2525 698 2591 mo
728 2523 829 2604 enim,
853 2512 919 2587 sivo
949 2521 1038 2606 quoa
1067 2521 1103 2585 in

193 2631 303 2715 legem
325 2648 393 2696 non
415 2632 558 2696 iurasset
580 2632 648 2696 sive
667 2631 758 2715 qnod
778 2651 796 2695 c
815 2630 887 2714 lege
906 2628 1104 2694 subsortitus

194 2737 340 2801 iudicem
362 2756 432 2802 non
457 2744 554 2819 esset,
580 2735 709 2802 mulcta
736 2737 840 2822 petita
868 2756 940 2801 csse
968 2736 1100 2800 dicitur.
1216 2763 1227 2774 ·

171 2928 174 2931 ἦ
196 2843 342 2907 Cluentii
363 2850 485 2908 'sutem
513 2844 602 2908 ratio
626 2842 793 2908 cumillis
818 2842 957 2925 legibus,
982 2842 1102 2925 quibus

195 2968 216 3013 a
236 2948 337 3014 Innio
355 2948 483 3013 mulcta
504 2950 608 3033 petita
629 2955 691 3031 est,
706 2949 801 3013 nulla
822 2954 928 3034 potest
949 2968 991 3011 cx
1008 2954 1102 3031 parta

194 3074 265 3119 esse
286 3055 474 3119 coniuncte
499 3054 573 3127 ei.
597 3054 644 3119 At
666 3056 756 3120 enim
780 3055 880 3119 etiem
902 3053 1030 3117 Bulbus
1052 3058 1103 3116 est

194 3160 443 3225 condemnatus.
489 3161 585 3225 Adde
599 3162 791 3241 maiestatis,
807 3167 846 3223 ut
860 3158 1025 3241 intelliges
1039 3158 1102 3221 hoc

193 3266 357 3331 iudicium
377 3289 455 3351 cum
474 3269 533 3333 illo
547 3290 614 3333 non
629 3288 698 3333 esse
717 3266 940 3332 coniunctum.
987 3265 1035 3329 At
1053 3270 1103 3328 est
1182 3315 1184 3325 .

193 3373 258 3437 hoc
285 3372 335 3437 illi
366 3376 491 3440 crimen
522 3375 720 3447 obiectum„
755 3372 884 3452 Fateor,
915 3370 972 3435 sed
1002 3371 1103 3435 etiam

192 3479 359 3562 legionem
385 3501 455 3546 csse
481 3480 523 3547 ab
542 3498 584 3546 eo
605 3479 816 3543 sollicitatam
841 3478 878 3540 in
903 3477 1035 3559 Illyrico
1062 3476 1100 3541 Ο.
1180 3545 1184 3549 ,

194 3582 347 3651 Cosconii
366 3585 487 3651 litteris
501 3588 537 3649 et
550 3582 735 3648 multorum
754 3581 947 3645 testimoniis
965 3580 1102 3664 planum
