<?xml version="1.0" encoding="UTF-8"?>
<!DOCTYPE html PUBLIC "-//W3C//DTD XHTML 1.0 Transitional//EN"
    "http://www.w3.org/TR/xhtml1/DTD/xhtml1-transitional.dtd">
<html xmlns="http://www.w3.org/1999/xhtml" xml:lang="en" lang="en">
 <head>
  <title>
</title>
<meta http-equiv="Content-Type" content="text/html;charset=utf-8" />
  <meta name='ocr-system' content='tesseract 3.04.00' />
  <meta name='ocr-capabilities' content='ocr_page ocr_carea ocr_par ocr_line ocrx_word'/>
</head>
<body>
  <div class='ocr_page' id='page_1' title='image "./proacluentiohab00sticgoog/proacluentiohab00sticgoog_0118.png"; bbox 0 0 2667 4034; ppageno 0'>
   <div class='ocr_carea' id='block_1_1' title="bbox 357 273 1092 340">
    <p class='ocr_par' dir='ltr' id='par_1_1' title="bbox 357 273 1092 340">
     <span class='ocr_line' id='line_1_1' title="bbox 357 273 1092 340; baseline 0.008 -11"><span class='ocrx_word' id='word_1_1' title='bbox 357 287 429 329; x_wconf 75' lang='lat' dir='ltr'><strong>err.</strong></span> <span class='ocrx_word' id='word_1_2' title='bbox 450 288 658 330; x_wconf 71' lang='lat' dir='ltr'><strong>amu-nxv.</strong></span> <span class='ocrx_word' id='word_1_3' title='bbox 701 273 733 340; x_wconf 62' lang='grc' dir='ltr'><strong>ἐξ</strong></span> <span class='ocrx_word' id='word_1_4' title='bbox 758 273 922 332; x_wconf 85' lang='grc'><strong>180-184.</strong></span> <span class='ocrx_word' id='word_1_5' title='bbox 1055 278 1092 336; x_wconf 83' lang='grc'><strong>97</strong></span> 
     </span>
    </p>
   </div>
   <div class='ocr_carea' id='block_1_2' title="bbox 183 455 1170 528">
    <p class='ocr_par' dir='ltr' id='par_1_2' title="bbox 183 455 1170 528">
     <span class='ocr_line' id='line_1_2' title="bbox 183 455 1170 528; baseline 0.008 -8"><span class='ocrx_word' id='word_1_6' title='bbox 183 455 372 522; x_wconf 88' lang='lat' dir='ltr'><strong>hominibus</strong></span> <span class='ocrx_word' id='word_1_7' title='bbox 388 456 566 522; x_wconf 74' lang='lat' dir='ltr'><strong>nouerat?</strong></span> <span class='ocrx_word' id='word_1_8' title='bbox 611 456 706 522; x_wconf 88' lang='lat' dir='ltr'><strong>Itane</strong></span> <span class='ocrx_word' id='word_1_9' title='bbox 726 458 862 524; x_wconf 87' lang='lat' dir='ltr'><strong>tandem</strong></span> <span class='ocrx_word' id='word_1_10' title='bbox 884 460 1093 528; x_wconf 76' lang='lat' dir='ltr'><strong>mulioniam</strong></span> <span class='ocrx_word' id='word_1_11' title='bbox 1168 509 1170 516; x_wconf 68' lang='lat'><strong>,</strong></span> 
     </span>
    </p>
   </div>
   <div class='ocr_carea' id='block_1_3' title="bbox 161 562 1093 649">
    <p class='ocr_par' dir='ltr' id='par_1_3' title="bbox 161 562 1093 649">
     <span class='ocr_line' id='line_1_3' title="bbox 161 562 1093 649; baseline 0.008 -24"><span class='ocrx_word' id='word_1_12' title='bbox 161 567 166 573; x_wconf 84' lang='lat'>&#39;</span> <span class='ocrx_word' id='word_1_13' title='bbox 183 581 251 626; x_wconf 88' lang='lat' dir='ltr'><strong>non</strong></span> <span class='ocrx_word' id='word_1_14' title='bbox 266 563 392 642; x_wconf 90' lang='lat' dir='ltr'><strong>morbo,</strong></span> <span class='ocrx_word' id='word_1_15' title='bbox 401 562 458 626; x_wconf 90' lang='lat' dir='ltr'><strong>sed</strong></span> <span class='ocrx_word' id='word_1_16' title='bbox 474 562 595 627; x_wconf 85' lang='lat' dir='ltr'><strong>seelere</strong></span> <span class='ocrx_word' id='word_1_17' title='bbox 607 563 742 646; x_wconf 69' lang='lat' dir='ltr'><strong>furiosa,</strong></span> <span class='ocrx_word' id='word_1_18' title='bbox 753 585 857 647; x_wconf 89' lang='lat' dir='ltr'><strong>quum</strong></span> <span class='ocrx_word' id='word_1_19' title='bbox 868 568 1093 649; x_wconf 88' lang='lat' dir='ltr'><strong>quaestionem</strong></span> 
     </span>
    </p>
   </div>
   <div class='ocr_carea' id='block_1_4' title="bbox 55 653 1092 754">
    <p class='ocr_par' dir='ltr' id='par_1_4' title="bbox 55 653 1092 754">
     <span class='ocr_line' id='line_1_4' title="bbox 55 653 1092 754; baseline 0.006 -24"><span class='ocrx_word' id='word_1_20' title='bbox 55 669 63 676; x_wconf 82' lang='grc'><strong><em>’</em></strong></span> <span class='ocrx_word' id='word_1_21' title='bbox 183 668 352 733; x_wconf 82' lang='lat' dir='ltr'><strong>habuisset</strong></span> <span class='ocrx_word' id='word_1_22' title='bbox 374 653 511 749; x_wconf 81' lang='lat' dir='ltr'><strong>Romae,</strong></span> <span class='ocrx_word' id='word_1_23' title='bbox 527 690 633 751; x_wconf 90' lang='lat' dir='ltr'><strong>quum</strong></span> <span class='ocrx_word' id='word_1_24' title='bbox 655 668 696 732; x_wconf 92' lang='lat' dir='ltr'><strong>de</strong></span> <span class='ocrx_word' id='word_1_25' title='bbox 719 669 758 732; x_wconf 87' lang='grc' dir='ltr'><strong>Τ.</strong></span> <span class='ocrx_word' id='word_1_26' title='bbox 776 671 890 751; x_wconf 84' lang='lat' dir='ltr'><strong>Annii,</strong></span> <span class='ocrx_word' id='word_1_27' title='bbox 906 671 944 734; x_wconf 87' lang='lat' dir='ltr'><strong>L.</strong></span> <span class='ocrx_word' id='word_1_28' title='bbox 962 670 1092 754; x_wconf 80' lang='lat' dir='ltr'><strong>Rutilii,</strong></span> 
     </span>
    </p>
   </div>
   <div class='ocr_carea' id='block_1_5' title="bbox 104 772 1093 966">
    <p class='ocr_par' dir='ltr' id='par_1_5' title="bbox 104 772 1093 966">
     <span class='ocr_line' id='line_1_5' title="bbox 104 772 1093 854; baseline 0.005 -18"><span class='ocrx_word' id='word_1_29' title='bbox 104 798 107 803; x_wconf 52' lang='lat'><strong>⁴</strong></span> <span class='ocrx_word' id='word_1_30' title='bbox 184 772 224 837; x_wconf 89' lang='lat' dir='ltr'><strong>P.</strong></span> <span class='ocrx_word' id='word_1_31' title='bbox 242 772 378 854; x_wconf 87' lang='lat' dir='ltr'><strong>Saturii,</strong></span> <span class='ocrx_word' id='word_1_32' title='bbox 399 780 605 838; x_wconf 86' lang='lat' dir='ltr'><strong>caeterorum</strong></span> <span class='ocrx_word' id='word_1_33' title='bbox 625 773 931 838; x_wconf 88' lang='lat' dir='ltr'><strong>honestissimorum</strong></span> <span class='ocrx_word' id='word_1_34' title='bbox 946 778 1093 842; x_wconf 83' lang='lat' dir='ltr'><strong>virorum</strong></span> 
     </span>
     <span class='ocr_line' id='line_1_6' title="bbox 121 864 1092 966; baseline 0.002 -22"><span class='ocrx_word' id='word_1_35' title='bbox 121 864 124 869; x_wconf 38' lang='grc'>’</span> <span class='ocrx_word' id='word_1_36' title='bbox 185 880 348 944; x_wconf 85' lang='lat' dir='ltr'><strong>sententia</strong></span> <span class='ocrx_word' id='word_1_37' title='bbox 359 880 675 944; x_wconf 76' lang='lat' dir='ltr'><strong>constitutum&#39;esaet</strong></span> <span class='ocrx_word' id='word_1_38' title='bbox 686 880 765 944; x_wconf 89' lang='lat' dir='ltr'><strong>satis</strong></span> <span class='ocrx_word' id='word_1_39' title='bbox 777 882 964 963; x_wconf 85' lang='lat' dir='ltr'><strong>quaesitum</strong></span> <span class='ocrx_word' id='word_1_40' title='bbox 975 883 1092 966; x_wconf 78' lang='lat' dir='ltr'><strong>rideri,</strong></span> 
     </span>
    </p>
   </div>
   <div class='ocr_carea' id='block_1_6' title="bbox 82 985 1092 1072">
    <p class='ocr_par' dir='ltr' id='par_1_6' title="bbox 82 985 1092 1072">
     <span class='ocr_line' id='line_1_7' title="bbox 82 985 1092 1072; baseline 0.004 -23"><span class='ocrx_word' id='word_1_41' title='bbox 82 1003 89 1010; x_wconf 89' lang='lat'><strong>·</strong></span> <span class='ocrx_word' id='word_1_42' title='bbox 184 986 300 1064; x_wconf 85' lang='lat' dir='ltr'><strong>eadem</strong></span> <span class='ocrx_word' id='word_1_43' title='bbox 315 985 356 1051; x_wconf 90' lang='lat' dir='ltr'><strong>de</strong></span> <span class='ocrx_word' id='word_1_44' title='bbox 377 1006 414 1051; x_wconf 89' lang='lat' dir='ltr'><strong>re</strong></span> <span class='ocrx_word' id='word_1_45' title='bbox 435 986 579 1050; x_wconf 90' lang='lat' dir='ltr'><strong>triennio</strong></span> <span class='ocrx_word' id='word_1_46' title='bbox 594 993 686 1071; x_wconf 89' lang='lat' dir='ltr'><strong>post,</strong></span> <span class='ocrx_word' id='word_1_47' title='bbox 701 987 818 1051; x_wconf 90' lang='lat' dir='ltr'><strong>iisdem</strong></span> <span class='ocrx_word' id='word_1_48' title='bbox 834 988 874 1052; x_wconf 93' lang='lat' dir='ltr'><strong>de</strong></span> <span class='ocrx_word' id='word_1_49' title='bbox 892 990 1092 1072; x_wconf 89' lang='lat' dir='ltr'><strong>hominibus,</strong></span> 
     </span>
    </p>
   </div>
   <div class='ocr_carea' id='block_1_7' title="bbox 180 1085 1169 2543">
    <p class='ocr_par' dir='ltr' id='par_1_7' title="bbox 182 1085 1169 2126">
     <span class='ocr_line' id='line_1_8' title="bbox 184 1085 1091 1173; baseline 0.006 -18"><span class='ocrx_word' id='word_1_50' title='bbox 184 1092 279 1157; x_wconf 90' lang='lat' dir='ltr'><strong>nullo</strong></span> <span class='ocrx_word' id='word_1_51' title='bbox 300 1092 447 1157; x_wconf 89' lang='lat' dir='ltr'><strong>adhibito</strong></span> <span class='ocrx_word' id='word_1_52' title='bbox 470 1113 536 1156; x_wconf 90' lang='lat' dir='ltr'><strong>non</strong></span> <span class='ocrx_word' id='word_1_53' title='bbox 560 1092 668 1156; x_wconf 92' lang='lat' dir='ltr'><strong>dieam</strong></span> <span class='ocrx_word' id='word_1_54' title='bbox 682 1093 765 1173; x_wconf 79' lang='lat' dir='ltr'><strong>viro,</strong></span> <span class='ocrx_word' id='word_1_55' title='bbox 781 1114 823 1158; x_wconf 92' lang='lat' dir='ltr'><strong>ne</strong></span> <span class='ocrx_word' id='word_1_56' title='bbox 839 1085 993 1160; x_wconf 82' lang='lat' dir='ltr'><strong>colonum</strong></span> <span class='ocrx_word' id='word_1_57' title='bbox 1007 1096 1091 1160; x_wconf 88' lang='lat' dir='ltr'><strong>forte</strong></span> 
     </span>
     <span class='ocr_line' id='line_1_9' title="bbox 184 1177 1093 1283; baseline 0.003 -22"><span class='ocrx_word' id='word_1_58' title='bbox 184 1197 327 1262; x_wconf 78' lang='lat' dir='ltr'><strong>adfuisse</strong></span> <span class='ocrx_word' id='word_1_59' title='bbox 357 1198 484 1279; x_wconf 87' lang='lat' dir='ltr'><strong>dicatis,</strong></span> <span class='ocrx_word' id='word_1_60' title='bbox 502 1197 574 1262; x_wconf 77' lang='lat' dir='ltr'><strong>sed</strong></span> <span class='ocrx_word' id='word_1_61' title='bbox 607 1177 694 1264; x_wconf 77' lang='lat' dir='ltr'><strong>bono</strong></span> <span class='ocrx_word' id='word_1_62' title='bbox 723 1199 805 1280; x_wconf 81' lang='lat' dir='ltr'><strong>viro,</strong></span> <span class='ocrx_word' id='word_1_63' title='bbox 835 1200 871 1262; x_wconf 90' lang='lat' dir='ltr'><strong>in</strong></span> <span class='ocrx_word' id='word_1_64' title='bbox 901 1199 963 1263; x_wconf 87' lang='lat' dir='ltr'><strong>filii</strong></span> <span class='ocrx_word' id='word_1_65' title='bbox 993 1208 1093 1283; x_wconf 89' lang='lat' dir='ltr'><strong>eaput</strong></span> 
     </span>
     <span class='ocr_line' id='line_1_10' title="bbox 184 1302 1091 1386; baseline 0.003 -20"><span class='ocrx_word' id='word_1_66' title='bbox 184 1304 409 1386; x_wconf 89' lang='lat' dir='ltr'><strong>quaestionem</strong></span> <span class='ocrx_word' id='word_1_67' title='bbox 434 1303 555 1368; x_wconf 88' lang='lat' dir='ltr'><strong>habere</strong></span> <span class='ocrx_word' id='word_1_68' title='bbox 582 1310 699 1368; x_wconf 83' lang='lat' dir='ltr'><strong>conata</strong></span> <span class='ocrx_word' id='word_1_69' title='bbox 725 1307 787 1368; x_wconf 75' lang='lat' dir='ltr'><strong>est</strong></span> <span class='ocrx_word' id='word_1_70' title='bbox 839 1302 913 1368; x_wconf 88' lang='grc'><strong>183.</strong></span> <span class='ocrx_word' id='word_1_71' title='bbox 942 1305 1004 1369; x_wconf 81' lang='lat' dir='ltr'><strong>&#39;An</strong></span> <span class='ocrx_word' id='word_1_72' title='bbox 1030 1307 1091 1370; x_wconf 90' lang='lat' dir='ltr'><strong>hoe</strong></span> 
     </span>
     <span class='ocr_line' id='line_1_11' title="bbox 184 1408 1169 1494; baseline 0.004 -22"><span class='ocrx_word' id='word_1_73' title='bbox 184 1408 437 1472; x_wconf 77' lang='lat' dir='ltr'><strong>dionis-mihi</strong></span> <span class='ocrx_word' id='word_1_74' title='bbox 460 1409 550 1472; x_wconf 91' lang='lat' dir='ltr'><strong>enim</strong></span> <span class='ocrx_word' id='word_1_75' title='bbox 572 1408 665 1472; x_wconf 79' lang='lat' dir='ltr'><strong>venit</strong></span> <span class='ocrx_word' id='word_1_76' title='bbox 690 1409 725 1473; x_wconf 91' lang='lat' dir='ltr'><strong>in</strong></span> <span class='ocrx_word' id='word_1_77' title='bbox 752 1416 898 1474; x_wconf 88' lang='lat' dir='ltr'><strong>mentem</strong></span> <span class='ocrx_word' id='word_1_78' title='bbox 920 1411 1002 1494; x_wconf 90' lang='lat' dir='ltr'><strong>quid</strong></span> <span class='ocrx_word' id='word_1_79' title='bbox 1027 1411 1092 1476; x_wconf 88' lang='lat' dir='ltr'><strong>diei</strong></span> <span class='ocrx_word' id='word_1_80' title='bbox 1167 1449 1169 1454; x_wconf 95' lang='lat'>·</span> 
     </span>
     <span class='ocr_line' id='line_1_12' title="bbox 183 1514 1092 1597; baseline 0.002 -19"><span class='ocrx_word' id='word_1_81' title='bbox 183 1515 295 1597; x_wconf 77' lang='lat' dir='ltr'><strong>possit,</strong></span> <span class='ocrx_word' id='word_1_82' title='bbox 310 1515 442 1579; x_wconf 87' lang='lat' dir='ltr'><strong>tametsi</strong></span> <span class='ocrx_word' id='word_1_83' title='bbox 461 1515 571 1578; x_wconf 89' lang='lat' dir='ltr'><strong>adhue</strong></span> <span class='ocrx_word' id='word_1_84' title='bbox 590 1535 659 1578; x_wconf 91' lang='lat' dir='ltr'><strong>non</strong></span> <span class='ocrx_word' id='word_1_85' title='bbox 679 1534 750 1579; x_wconf 88' lang='lat' dir='ltr'><strong>esse</strong></span> <span class='ocrx_word' id='word_1_86' title='bbox 768 1514 896 1579; x_wconf 89' lang='lat' dir='ltr'><strong>dietum</strong></span> <span class='ocrx_word' id='word_1_87' title='bbox 914 1524 1092 1580; x_wconf 88' lang='lat' dir='ltr'><strong>memento·</strong></span> 
     </span>
     <span class='ocr_line' id='line_1_13' title="bbox 183 1619 1091 1703; baseline 0.001 -19"><span class='ocrx_word' id='word_1_88' title='bbox 183 1625 287 1700; x_wconf 86' lang='lat' dir='ltr'><strong>te-‚</strong></span> <span class='ocrx_word' id='word_1_89' title='bbox 302 1641 408 1703; x_wconf 87' lang='lat' dir='ltr'><strong>quum</strong></span> <span class='ocrx_word' id='word_1_90' title='bbox 428 1620 607 1684; x_wconf 77' lang='lat' dir='ltr'>haberetur</span> <span class='ocrx_word' id='word_1_91' title='bbox 630 1619 670 1684; x_wconf 93' lang='lat' dir='ltr'><strong>de</strong></span> <span class='ocrx_word' id='word_1_92' title='bbox 689 1619 779 1695; x_wconf 85' lang='lat' dir='ltr'><strong>furto</strong></span> <span class='ocrx_word' id='word_1_93' title='bbox 794 1621 952 1703; x_wconf 81' lang='lat' dir='ltr'><strong>quaestio,</strong></span> <span class='ocrx_word' id='word_1_94' title='bbox 969 1619 1091 1685; x_wconf 81' lang='lat' dir='ltr'><strong>Strato</strong></span> 
     </span>
     <span class='ocr_line' id='line_1_14' title="bbox 183 1725 1091 1809; baseline 0.004 -21"><span class='ocrx_word' id='word_1_95' title='bbox 183 1745 261 1789; x_wconf 92' lang='lat' dir='ltr'><strong>nem</strong></span> <span class='ocrx_word' id='word_1_96' title='bbox 283 1725 410 1809; x_wconf 87' lang='lat' dir='ltr'><strong>aliquid</strong></span> <span class='ocrx_word' id='word_1_97' title='bbox 436 1725 478 1790; x_wconf 89' lang='lat' dir='ltr'><strong>de</strong></span> <span class='ocrx_word' id='word_1_98' title='bbox 499 1745 628 1790; x_wconf 84' lang='lat' dir='ltr'><strong>veneno</strong></span> <span class='ocrx_word' id='word_1_99' title='bbox 654 1745 724 1790; x_wconf 91' lang='lat' dir='ltr'><strong>esse</strong></span> <span class='ocrx_word' id='word_1_100' title='bbox 751 1726 962 1790; x_wconf 80' lang='lat' dir='ltr'><strong>consessum?</strong></span> <span class='ocrx_word' id='word_1_101' title='bbox 1016 1726 1091 1792; x_wconf 88' lang='lat' dir='ltr'><strong>Hoe</strong></span> 
     </span>
     <span class='ocr_line' id='line_1_15' title="bbox 182 1829 1117 1916; baseline 0.003 -22"><span class='ocrx_word' id='word_1_102' title='bbox 182 1852 252 1896; x_wconf 91' lang='lat' dir='ltr'><strong>uno</strong></span> <span class='ocrx_word' id='word_1_103' title='bbox 266 1832 375 1912; x_wconf 90' lang='lat' dir='ltr'><strong>modo,</strong></span> <span class='ocrx_word' id='word_1_104' title='bbox 398 1832 534 1913; x_wconf 75' lang='lat' dir='ltr'><strong>iudiee&#39;s,</strong></span> <span class='ocrx_word' id='word_1_105' title='bbox 558 1852 653 1916; x_wconf 83' lang='lat' dir='ltr'><strong>saepe</strong></span> <span class='ocrx_word' id='word_1_106' title='bbox 676 1831 862 1898; x_wconf 89' lang='lat' dir='ltr'><strong>multorum</strong></span> <span class='ocrx_word' id='word_1_107' title='bbox 882 1832 1090 1916; x_wconf 82' lang='lat' dir='ltr'><strong>improbitate</strong></span> <span class='ocrx_word' id='word_1_108' title='bbox 1114 1829 1117 1834; x_wconf 77' lang='grc'><strong>’</strong></span> 
     </span>
     <span class='ocr_line' id='line_1_16' title="bbox 184 1926 1090 2028; baseline 0.004 -28"><span class='ocrx_word' id='word_1_109' title='bbox 184 1926 336 2021; x_wconf 87' lang='lat' dir='ltr'><strong>depressa</strong></span> <span class='ocrx_word' id='word_1_110' title='bbox 357 1939 478 2021; x_wconf 81' lang='lat' dir='ltr'><strong>veritas</strong></span> <span class='ocrx_word' id='word_1_111' title='bbox 500 1938 640 2022; x_wconf 82' lang='lat' dir='ltr'><strong>emergit</strong></span> <span class='ocrx_word' id='word_1_112' title='bbox 661 1944 696 2002; x_wconf 91' lang='lat' dir='ltr'><strong>et</strong></span> <span class='ocrx_word' id='word_1_113' title='bbox 717 1938 924 2028; x_wconf 84' lang='lat' dir='ltr'><strong>innocentiae</strong></span> <span class='ocrx_word' id='word_1_114' title='bbox 946 1939 1090 2004; x_wconf 89' lang='lat' dir='ltr'><strong>defensio</strong></span> 
     </span>
     <span class='ocr_line' id='line_1_17' title="bbox 182 2042 1090 2126; baseline 0.002 -20"><span class='ocrx_word' id='word_1_115' title='bbox 182 2043 362 2108; x_wconf 80' lang='lat' dir='ltr'><strong>interclusa</strong></span> <span class='ocrx_word' id='word_1_116' title='bbox 380 2043 531 2126; x_wconf 88' lang='lat' dir='ltr'><strong>respirat,</strong></span> <span class='ocrx_word' id='word_1_117' title='bbox 551 2042 642 2126; x_wconf 92' lang='lat' dir='ltr'><strong>quod</strong></span> <span class='ocrx_word' id='word_1_118' title='bbox 662 2050 724 2106; x_wconf 86' lang='lat' dir='ltr'><strong>aut</strong></span> <span class='ocrx_word' id='word_1_119' title='bbox 741 2043 777 2123; x_wconf 91' lang='lat' dir='ltr'><strong>ii,</strong></span> <span class='ocrx_word' id='word_1_120' title='bbox 796 2043 853 2125; x_wconf 92' lang='lat' dir='ltr'><strong>qui</strong></span> <span class='ocrx_word' id='word_1_121' title='bbox 874 2042 916 2105; x_wconf 91' lang='lat' dir='ltr'><strong>ad</strong></span> <span class='ocrx_word' id='word_1_122' title='bbox 939 2043 1090 2108; x_wconf 85' lang='lat' dir='ltr'><strong>fraudem</strong></span> 
     </span>
    </p>

    <p class='ocr_par' dir='ltr' id='par_1_8' title="bbox 180 2134 1126 2543">
     <span class='ocr_line' id='line_1_18' title="bbox 182 2134 1118 2230; baseline -0.003 -18"><span class='ocrx_word' id='word_1_123' title='bbox 182 2148 295 2212; x_wconf 86' lang='lat' dir='ltr'><strong>callidi</strong></span> <span class='ocrx_word' id='word_1_124' title='bbox 311 2155 397 2227; x_wconf 90' lang='lat' dir='ltr'><strong>sunt,</strong></span> <span class='ocrx_word' id='word_1_125' title='bbox 410 2169 476 2212; x_wconf 92' lang='lat' dir='ltr'><strong>non</strong></span> <span class='ocrx_word' id='word_1_126' title='bbox 489 2154 621 2212; x_wconf 88' lang='lat' dir='ltr'><strong>tantum</strong></span> <span class='ocrx_word' id='word_1_127' title='bbox 636 2147 773 2228; x_wconf 88' lang='lat' dir='ltr'><strong>audent,</strong></span> <span class='ocrx_word' id='word_1_128' title='bbox 783 2154 947 2230; x_wconf 87' lang='lat' dir='ltr'><strong>quantum</strong></span> <span class='ocrx_word' id='word_1_129' title='bbox 962 2149 1090 2230; x_wconf 79' lang='lat' dir='ltr'><strong>exregi·</strong></span> <span class='ocrx_word' id='word_1_130' title='bbox 1114 2134 1118 2140; x_wconf 68' lang='grc'><strong>’</strong></span> 
     </span>
     <span class='ocr_line' id='line_1_19' title="bbox 181 2247 1112 2337; baseline -0.003 -19"><span class='ocrx_word' id='word_1_131' title='bbox 181 2260 266 2336; x_wconf 87' lang='lat' dir='ltr'><strong>tant,</strong></span> <span class='ocrx_word' id='word_1_132' title='bbox 284 2260 344 2318; x_wconf 87' lang='lat' dir='ltr'><strong>aut</strong></span> <span class='ocrx_word' id='word_1_133' title='bbox 365 2255 401 2335; x_wconf 92' lang='lat' dir='ltr'><strong>ii,</strong></span> <span class='ocrx_word' id='word_1_134' title='bbox 419 2276 563 2337; x_wconf 88' lang='lat' dir='ltr'><strong>quorum</strong></span> <span class='ocrx_word' id='word_1_135' title='bbox 586 2254 712 2319; x_wconf 89' lang='lat' dir='ltr'><strong>eminet</strong></span> <span class='ocrx_word' id='word_1_136' title='bbox 735 2253 874 2317; x_wconf 84' lang='lat' dir='ltr'><strong>audacia</strong></span> <span class='ocrx_word' id='word_1_137' title='bbox 899 2258 997 2336; x_wconf 90' lang='lat' dir='ltr'><strong>atque</strong></span> <span class='ocrx_word' id='word_1_138' title='bbox 1018 2247 1112 2337; x_wconf 52' lang='lat' dir='ltr'><strong>pro?</strong></span> 
     </span>
     <span class='ocr_line' id='line_1_20' title="bbox 180 2357 1126 2448; baseline -0.002 -26"><span class='ocrx_word' id='word_1_139' title='bbox 180 2361 268 2444; x_wconf 85' lang='lat' dir='ltr'><strong>ieeta</strong></span> <span class='ocrx_word' id='word_1_140' title='bbox 282 2366 343 2441; x_wconf 90' lang='lat' dir='ltr'><strong>est,</strong></span> <span class='ocrx_word' id='word_1_141' title='bbox 353 2380 374 2424; x_wconf 90' lang='lat' dir='ltr'><strong>a</strong></span> <span class='ocrx_word' id='word_1_142' title='bbox 384 2360 528 2425; x_wconf 81' lang='lat' dir='ltr'><strong>consiliis</strong></span> <span class='ocrx_word' id='word_1_143' title='bbox 542 2359 914 2448; x_wconf 88' lang='lat' dir='ltr'><strong>malitiaedeseruntur.</strong></span> <span class='ocrx_word' id='word_1_144' title='bbox 950 2357 1046 2436; x_wconf 88' lang='lat' dir='ltr'><strong>Quod</strong></span> <span class='ocrx_word' id='word_1_145' title='bbox 1061 2357 1089 2420; x_wconf 91' lang='lat' dir='ltr'><strong>si</strong></span> <span class='ocrx_word' id='word_1_146' title='bbox 1123 2420 1126 2428; x_wconf 81' lang='grc'>,</span> 
     </span>
     <span class='ocr_line' id='line_1_21' title="bbox 181 2443 1089 2543; baseline -0.002 -15"><span class='ocrx_word' id='word_1_147' title='bbox 181 2474 242 2529; x_wconf 91' lang='lat' dir='ltr'><strong>aut</strong></span> <span class='ocrx_word' id='word_1_148' title='bbox 266 2465 578 2530; x_wconf 78' lang='lat' dir='ltr'><strong>confidens-astutia</strong></span> <span class='ocrx_word' id='word_1_149' title='bbox 602 2460 662 2529; x_wconf 86' lang='lat' dir='ltr'><strong>aut</strong></span> <span class='ocrx_word' id='word_1_150' title='bbox 688 2458 809 2529; x_wconf 83' lang='lat' dir='ltr'><strong>callida</strong></span> <span class='ocrx_word' id='word_1_151' title='bbox 832 2446 916 2529; x_wconf 80' lang='lat' dir='ltr'><strong>esset</strong></span> <span class='ocrx_word' id='word_1_152' title='bbox 940 2443 1089 2543; x_wconf 80' lang='lat' dir='ltr'><strong>audacia,</strong></span> 
     </span>
    </p>
   </div>
   <div class='ocr_carea' id='block_1_8' title="bbox 69 2559 1205 2752">
    <p class='ocr_par' dir='ltr' id='par_1_9' title="bbox 69 2559 1205 2752">
     <span class='ocr_line' id='line_1_22' title="bbox 69 2559 1089 2656; baseline -0.003 -22"><span class='ocrx_word' id='word_1_153' title='bbox 69 2559 79 2578; x_wconf 73' lang='lat'>‘</span> <span class='ocrx_word' id='word_1_154' title='bbox 179 2572 238 2635; x_wconf 81' lang='lat' dir='ltr'><strong>vix</strong></span> <span class='ocrx_word' id='word_1_155' title='bbox 254 2571 323 2636; x_wconf 90' lang='lat' dir='ltr'><strong>ullo</strong></span> <span class='ocrx_word' id='word_1_156' title='bbox 338 2571 451 2637; x_wconf 91' lang='lat' dir='ltr'><strong>obsisti</strong></span> <span class='ocrx_word' id='word_1_157' title='bbox 459 2572 564 2636; x_wconf 68' lang='lat' dir='ltr'><strong>&#39;modo</strong></span> <span class='ocrx_word' id='word_1_158' title='bbox 579 2577 698 2656; x_wconf 76' lang='lat' dir='ltr'><strong>posset.</strong></span> <span class='ocrx_word' id='word_1_159' title='bbox 743 2572 868 2636; x_wconf 86' lang='lat' dir='ltr'><strong>Utrum</strong></span> <span class='ocrx_word' id='word_1_160' title='bbox 882 2571 1010 2634; x_wconf 80' lang='lat' dir='ltr'><strong>furtum¹</strong></span> <span class='ocrx_word' id='word_1_161' title='bbox 1025 2568 1089 2632; x_wconf 90' lang='lat' dir='ltr'><strong>fao-</strong></span> 
     </span>
     <span class='ocr_line' id='line_1_23' title="bbox 179 2673 1205 2752; baseline -0.001 -12"><span class='ocrx_word' id='word_1_162' title='bbox 179 2684 255 2740; x_wconf 84' lang='lat' dir='ltr'><strong>tum</strong></span> <span class='ocrx_word' id='word_1_163' title='bbox 277 2676 441 2742; x_wconf 84' lang='lat' dir='ltr'><strong>nonest?</strong></span> <span class='ocrx_word' id='word_1_164' title='bbox 487 2679 534 2742; x_wconf 81' lang='lat' dir='ltr'><strong>At</strong></span> <span class='ocrx_word' id='word_1_165' title='bbox 548 2677 633 2741; x_wconf 88' lang='lat' dir='ltr'><strong>nihil</strong></span> <span class='ocrx_word' id='word_1_166' title='bbox 648 2678 769 2742; x_wconf 88' lang='lat' dir='ltr'><strong>elarius</strong></span> <span class='ocrx_word' id='word_1_167' title='bbox 784 2676 897 2741; x_wconf 90' lang='lat' dir='ltr'><strong>Larini</strong></span> <span class='ocrx_word' id='word_1_168' title='bbox 906 2673 985 2737; x_wconf 81' lang='lat' dir='ltr'><strong>&#39;fuit</strong></span> <span class='ocrx_word' id='word_1_169' title='bbox 1032 2677 1088 2739; x_wconf 90' lang='lat' dir='ltr'><strong>An</strong></span> <span class='ocrx_word' id='word_1_170' title='bbox 1204 2749 1205 2752; x_wconf 8' lang='grc' dir='ltr'><strong>Ἴ</strong></span> 
     </span>
    </p>
   </div>
   <div class='ocr_carea' id='block_1_9' title="bbox 122 2769 1178 3395">
    <p class='ocr_par' dir='ltr' id='par_1_10' title="bbox 122 2769 1178 3395">
     <span class='ocr_line' id='line_1_24' title="bbox 179 2769 1113 2867; baseline 0 -21"><span class='ocrx_word' id='word_1_171' title='bbox 179 2781 426 2848; x_wconf 87' lang='lat' dir='ltr'><strong>adStratonem</strong></span> <span class='ocrx_word' id='word_1_172' title='bbox 442 2784 584 2867; x_wconf 80' lang='lat' dir='ltr'><strong>suspicio</strong></span> <span class='ocrx_word' id='word_1_173' title='bbox 599 2801 666 2847; x_wconf 91' lang='lat' dir='ltr'><strong>non</strong></span> <span class='ocrx_word' id='word_1_174' title='bbox 681 2779 864 2866; x_wconf 83' lang='lat' dir='ltr'><strong>pertinuit?</strong></span> <span class='ocrx_word' id='word_1_175' title='bbox 900 2781 946 2844; x_wconf 79' lang='lat' dir='ltr'><strong>At</strong></span> <span class='ocrx_word' id='word_1_176' title='bbox 960 2780 988 2844; x_wconf 92' lang='lat' dir='ltr'><strong>is</strong></span> <span class='ocrx_word' id='word_1_177' title='bbox 1000 2769 1087 2846; x_wconf 85' lang='lat' dir='ltr'><strong>etex</strong></span> <span class='ocrx_word' id='word_1_178' title='bbox 1110 2787 1113 2794; x_wconf 73' lang='lat'><em>&#39;</em></span> 
     </span>
     <span class='ocr_line' id='line_1_25' title="bbox 180 2887 1088 2973; baseline -0.003 -20"><span class='ocrx_word' id='word_1_179' title='bbox 180 2888 309 2953; x_wconf 90' lang='lat' dir='ltr'><strong>serrula</strong></span> <span class='ocrx_word' id='word_1_180' title='bbox 329 2888 541 2952; x_wconf 87' lang='lat' dir='ltr'><strong>insimulatus</strong></span> <span class='ocrx_word' id='word_1_181' title='bbox 556 2894 590 2952; x_wconf 94' lang='lat' dir='ltr'><strong>et</strong></span> <span class='ocrx_word' id='word_1_182' title='bbox 605 2907 625 2952; x_wconf 89' lang='lat' dir='ltr'><strong>a</strong></span> <span class='ocrx_word' id='word_1_183' title='bbox 639 2909 742 2973; x_wconf 85' lang='lat' dir='ltr'><strong>puero</strong></span> <span class='ocrx_word' id='word_1_184' title='bbox 757 2887 886 2950; x_wconf 89' lang='lat' dir='ltr'><strong>eonseio</strong></span> <span class='ocrx_word' id='word_1_185' title='bbox 901 2892 951 2950; x_wconf 91' lang='lat' dir='ltr'><strong>est</strong></span> <span class='ocrx_word' id='word_1_186' title='bbox 965 2887 1088 2950; x_wconf 84' lang='lat' dir='ltr'><strong>indica·</strong></span> 
     </span>
     <span class='ocr_line' id='line_1_26' title="bbox 178 2989 1086 3074; baseline -0.01 -14"><span class='ocrx_word' id='word_1_187' title='bbox 178 3001 247 3060; x_wconf 86' lang='lat' dir='ltr'><strong>tus.</strong></span> <span class='ocrx_word' id='word_1_188' title='bbox 293 2994 347 3058; x_wconf 85' lang='lat' dir='ltr'><strong>An</strong></span> <span class='ocrx_word' id='word_1_189' title='bbox 363 2994 399 3057; x_wconf 91' lang='lat' dir='ltr'><strong>id</strong></span> <span class='ocrx_word' id='word_1_190' title='bbox 415 3002 528 3059; x_wconf 86' lang='lat' dir='ltr'><strong>aetum</strong></span> <span class='ocrx_word' id='word_1_191' title='bbox 542 3015 610 3059; x_wconf 90' lang='lat' dir='ltr'><strong>non</strong></span> <span class='ocrx_word' id='word_1_192' title='bbox 624 3002 674 3059; x_wconf 92' lang='lat' dir='ltr'><strong>est</strong></span> <span class='ocrx_word' id='word_1_193' title='bbox 688 2994 723 3055; x_wconf 93' lang='lat' dir='ltr'><strong>in</strong></span> <span class='ocrx_word' id='word_1_194' title='bbox 735 2989 946 3074; x_wconf 84' lang='lat' dir='ltr'><strong>quaerendo?</strong></span> <span class='ocrx_word' id='word_1_195' title='bbox 970 2991 975 3004; x_wconf 68' lang='lat'>⁸</span> <span class='ocrx_word' id='word_1_196' title='bbox 994 2990 1086 3065; x_wconf 84' lang='lat' dir='ltr'><strong>Quae</strong></span> 
     </span>
     <span class='ocr_line' id='line_1_27' title="bbox 122 3093 1178 3183; baseline -0.005 -19"><span class='ocrx_word' id='word_1_197' title='bbox 122 3131 125 3136; x_wconf 95' lang='lat'>·</span> <span class='ocrx_word' id='word_1_198' title='bbox 178 3100 244 3164; x_wconf 85' lang='lat' dir='ltr'><strong>init</strong></span> <span class='ocrx_word' id='word_1_199' title='bbox 268 3100 374 3183; x_wconf 85' lang='lat' dir='ltr'><strong>igitur</strong></span> <span class='ocrx_word' id='word_1_200' title='bbox 398 3101 465 3164; x_wconf 87' lang='lat' dir='ltr'><strong>alia</strong></span> <span class='ocrx_word' id='word_1_201' title='bbox 488 3121 588 3164; x_wconf 88' lang='lat' dir='ltr'><strong>eausa</strong></span> <span class='ocrx_word' id='word_1_202' title='bbox 612 3094 820 3180; x_wconf 77' lang='lat' dir='ltr'><strong>quaerendi?</strong></span> <span class='ocrx_word' id='word_1_203' title='bbox 855 3114 910 3173; x_wconf 90' lang='lat' dir='ltr'><strong>an,</strong></span> <span class='ocrx_word' id='word_1_204' title='bbox 938 3093 973 3155; x_wconf 90' lang='lat' dir='ltr'><strong>id</strong></span> <span class='ocrx_word' id='word_1_205' title='bbox 997 3094 1086 3175; x_wconf 91' lang='lat' dir='ltr'><strong>quod</strong></span> <span class='ocrx_word' id='word_1_206' title='bbox 1176 3155 1178 3159; x_wconf 87' lang='lat'>.</span> 
     </span>
     <span class='ocr_line' id='line_1_28' title="bbox 177 3185 1086 3286; baseline -0.009 -18"><span class='ocrx_word' id='word_1_207' title='bbox 177 3207 269 3270; x_wconf 87' lang='lat' dir='ltr'><strong>vobis</strong></span> <span class='ocrx_word' id='word_1_208' title='bbox 285 3207 464 3270; x_wconf 85' lang='lat' dir='ltr'><strong>dicendum</strong></span> <span class='ocrx_word' id='word_1_209' title='bbox 478 3212 528 3270; x_wconf 88' lang='lat' dir='ltr'><strong>est</strong></span> <span class='ocrx_word' id='word_1_210' title='bbox 543 3211 577 3268; x_wconf 86' lang='lat' dir='ltr'><strong>et</strong></span> <span class='ocrx_word' id='word_1_211' title='bbox 591 3185 680 3286; x_wconf 87' lang='lat' dir='ltr'><strong>qnod</strong></span> <span class='ocrx_word' id='word_1_212' title='bbox 699 3197 772 3265; x_wconf 89' lang='lat' dir='ltr'><strong>tum</strong></span> <span class='ocrx_word' id='word_1_213' title='bbox 788 3197 897 3261; x_wconf 86' lang='lat' dir='ltr'><strong>Sassia</strong></span> <span class='ocrx_word' id='word_1_214' title='bbox 913 3197 1086 3278; x_wconf 81' lang='lat' dir='ltr'><strong>dictitavit,</strong></span> 
     </span>
     <span class='ocr_line' id='line_1_29' title="bbox 177 3299 1088 3395; baseline -0.013 -19"><span class='ocrx_word' id='word_1_215' title='bbox 177 3333 284 3395; x_wconf 90' lang='lat' dir='ltr'><strong>quum</strong></span> <span class='ocrx_word' id='word_1_216' title='bbox 305 3311 345 3376; x_wconf 89' lang='lat' dir='ltr'><strong>de</strong></span> <span class='ocrx_word' id='word_1_217' title='bbox 368 3312 457 3376; x_wconf 84' lang='lat' dir='ltr'><strong>furto</strong></span> <span class='ocrx_word' id='word_1_218' title='bbox 476 3314 703 3392; x_wconf 86' lang='lat' dir='ltr'><strong>quaereretur,</strong></span> <span class='ocrx_word' id='word_1_219' title='bbox 726 3311 800 3368; x_wconf 89' lang='lat' dir='ltr'><strong>tum</strong></span> <span class='ocrx_word' id='word_1_220' title='bbox 824 3299 1010 3367; x_wconf 82' lang='lat' dir='ltr'><strong>Stratonem</strong></span> <span class='ocrx_word' id='word_1_221' title='bbox 1033 3303 1088 3365; x_wconf 89' lang='lat' dir='ltr'><strong>iis-</strong></span> 
     </span>
    </p>
   </div>
   <div class='ocr_carea' id='block_1_10' title="bbox 76 3402 1087 3481">
    <p class='ocr_par' dir='ltr' id='par_1_11' title="bbox 76 3402 1087 3481">
     <span class='ocr_line' id='line_1_30' title="bbox 76 3402 1087 3481; baseline -0.009 0"><span class='ocrx_word' id='word_1_222' title='bbox 76 3467 80 3474; x_wconf 86' lang='lat'>.</span> <span class='ocrx_word' id='word_1_223' title='bbox 179 3418 255 3480; x_wconf 90' lang='lat' dir='ltr'><strong>dem</strong></span> <span class='ocrx_word' id='word_1_224' title='bbox 269 3407 491 3481; x_wconf 80' lang='lat' dir='ltr'><strong>in&#39;tormentis</strong></span> <span class='ocrx_word' id='word_1_225' title='bbox 507 3402 627 3478; x_wconf 83' lang='lat' dir='ltr'><strong>dixisse</strong></span> <span class='ocrx_word' id='word_1_226' title='bbox 643 3413 685 3476; x_wconf 91' lang='lat' dir='ltr'><strong>de</strong></span> <span class='ocrx_word' id='word_1_227' title='bbox 696 3431 832 3474; x_wconf 89' lang='lat' dir='ltr'><strong>veneno.</strong></span> <span class='ocrx_word' id='word_1_228' title='bbox 867 3409 941 3472; x_wconf 70' lang='lat'><strong>184.</strong></span> <span class='ocrx_word' id='word_1_229' title='bbox 962 3408 1013 3472; x_wconf 81' lang='lat' dir='ltr'><strong>En</strong></span> <span class='ocrx_word' id='word_1_230' title='bbox 1025 3409 1087 3472; x_wconf 89' lang='lat' dir='ltr'><strong>hoe</strong></span> 
     </span>
    </p>
   </div>
   <div class='ocr_carea' id='block_1_11' title="bbox 177 3509 1109 3688">
    <p class='ocr_par' dir='ltr' id='par_1_12' title="bbox 177 3509 1109 3688">
     <span class='ocr_line' id='line_1_31' title="bbox 177 3509 1087 3604; baseline -0.01 -18"><span class='ocrx_word' id='word_1_231' title='bbox 177 3509 263 3586; x_wconf 88' lang='lat' dir='ltr'><strong>illud</strong></span> <span class='ocrx_word' id='word_1_232' title='bbox 278 3529 339 3602; x_wconf 88' lang='lat' dir='ltr'><strong>est,</strong></span> <span class='ocrx_word' id='word_1_233' title='bbox 347 3521 444 3604; x_wconf 92' lang='lat' dir='ltr'><strong>.quod</strong></span> <span class='ocrx_word' id='word_1_234' title='bbox 466 3527 544 3584; x_wconf 89' lang='lat' dir='ltr'><strong>ante</strong></span> <span class='ocrx_word' id='word_1_235' title='bbox 567 3518 656 3583; x_wconf 85' lang='lat' dir='ltr'><strong>dixi:</strong></span> <span class='ocrx_word' id='word_1_236' title='bbox 687 3517 809 3582; x_wconf 89' lang='lat' dir='ltr'><strong>mulier</strong></span> <span class='ocrx_word' id='word_1_237' title='bbox 824 3516 970 3579; x_wconf 86' lang='lat' dir='ltr'><strong>abundat</strong></span> <span class='ocrx_word' id='word_1_238' title='bbox 987 3515 1087 3578; x_wconf 87' lang='lat' dir='ltr'><strong>auda-</strong></span> 
     </span>
     <span class='ocr_line' id='line_1_32' title="bbox 485 3627 1109 3688; baseline -0.01 -52"><span class='ocrx_word' id='word_1_239' title='bbox 485 3627 505 3688; x_wconf 78' lang='lat'>9</span> <span class='ocrx_word' id='word_1_240' title='bbox 1108 3627 1109 3630; x_wconf 74' lang='grc'>,</span> 
     </span>
    </p>
   </div>
   <div class='ocr_carea' id='block_1_12' title="bbox 0 0 1338 4034">
    <p class='ocr_par' dir='ltr' id='par_1_13' title="bbox 0 0 1338 4034">
     <span class='ocr_line' id='line_1_33' title="bbox 0 0 1338 4034; baseline 0 1"><span class='ocrx_word' id='word_1_241' title='bbox 0 0 1338 4034; x_wconf 95' lang='lat' dir='ltr'><strong> </strong></span> 
     </span>
    </p>
   </div>
  </div>
 </body>
</html>
