2667 4034
421 281 492 323 csr.
512 283 652 325 vn-vn.
695 270 726 337 §5
746 272 869 331 17-21.
1065 279 1100 333 ll

194 456 294 524 modo
318 455 492 541 profusum
520 455 622 521 huius
649 461 727 521 ante
752 456 874 522 videat.
920 457 1012 527 Haec
1038 461 1103 526 nisi

151 643 154 649 Ι
195 562 310 625 omnia
322 561 554 645 perspexeritis
565 562 601 625 in
613 582 724 643 causa,
736 569 860 627 temere
873 584 892 629 a
903 566 996 629 nobis
1010 567 1103 633 illam

195 669 353 754 appellari
368 675 538 754 putatote:
563 669 614 733 sin
626 675 727 733 erunt
741 676 774 735 et
790 678 903 755 aperta
918 679 952 736 et
966 674 1103 755 nefaria,
1176 719 1179 723 -

197 776 351 841 Cluentio
361 776 530 860 ignoscere
546 776 716 857 debebitis,
732 777 822 859 quod
837 778 918 844 haec
934 799 955 843 a
969 801 1022 844 mc
1039 781 1103 845 dici

195 885 360 969 patiatur:
384 882 467 947 mihi
488 882 657 966 ignoscere
680 903 748 948 non
771 884 944 968 deberetiS,
967 886 995 951 si
1018 892 1103 951 tace-

195 1010 278 1055 rem.
811 981 815 989 ⁸

239 1094 319 1159 VH.
336 1080 343 1090 ’
366 1095 420 1160 19.
444 1095 544 1162 Nunc
558 1097 627 1168 iam
642 1097 835 1171 summatim
855 1118 1017 1183 exponam
1032 1099 1103 1183 qui-

194 1202 258 1267 bus
281 1202 474 1267 criminibus
498 1203 698 1287 Oppianicus
726 1204 901 1269 damnatus
927 1206 980 1285 sit,
1006 1212 1104 1270 utet

196 1308 416 1373 constantiam
430 1308 472 1371 A.
491 1308 637 1373 Cluentii
658 1314 692 1373 et
709 1310 871 1373 rationem
887 1311 1103 1375 accusationis

196 1415 378 1499 perspicere
397 1414 538 1499 possitis.
584 1415 635 1478 Ac
650 1416 796 1499 primum
811 1434 911 1479 causa
926 1416 1104 1479 accusandi

196 1541 283 1604 quae
303 1520 405 1585 fuerit
422 1520 605 1602 ostendam,
620 1527 660 1585 ut
675 1520 710 1585 id
728 1521 837 1605 ipsum
852 1521 893 1583 A.
912 1520 1104 1586 Cluentium

194 1626 230 1689 vi
254 1626 293 1690 a‘c
316 1627 510 1691 necessitato
534 1633 686 1711 coactum
712 1626 826 1691 fecisse
851 1627 1001 1691 videatis.
1048 1628 1102 1691 20.

197 1732 312 1809 Quum
334 1734 508 1812 manifesto
529 1754 696 1797 venenum
718 1733 995 1817 deprehendisset,
1015 1734 1103 1817 quod
1227 1734 1229 1740 ’

194 1838 248 1901 vir
270 1839 386 1902 matris
410 1838 608 1922 Oppianicus
634 1839 665 1903 ei
691 1840 880 1923 paravisset,
904 1846 937 1904 et
961 1861 1013 1905 res
1038 1861 1104 1905 non

196 1944 398 2025 coniectura,
429 1944 486 2009 sed
521 1944 624 2009 oculis
661 1953 708 2010 ac'
735 1946 887 2009 manibus
922 1951 1103 2027 teneretur,

195 2070 304 2133 neque
325 2050 361 2115 in
383 2071 483 2115 causa
505 2050 577 2114 ulla
600 2052 761 2115 dubitatio
781 2057 891 2134 posset
913 2072 993 2132 esse,
1009 2072 1104 2115 accu-

86 2231 90 2239 ,
168 2238 171 2241 Α
197 2157 282 2220 savit
297 2156 530 2241 Oppianicum:
548 2178 649 2239 quam
664 2163 851 2223 constanter
867 2163 901 2221 et
915 2176 1016 2239 quam
1032 2157 1104 2219 dili-

110 2341 113 2345 ·
196 2270 313 2344 genter
335 2268 447 2346 postea
467 2262 594 2328 dicam:
619 2283 709 2326 nunc
733 2263 795 2329 hoc
820 2263 902 2327 seire
923 2282 980 2327 vos
1000 2262 1103 2343 volui,

195 2367 324 2431 nullam
338 2368 417 2432 huic
436 2367 536 2432 aliam
557 2368 734 2433 accusandi
757 2390 893 2433 causam
912 2369 1023 2450 fuisse,
1039 2369 1103 2433 nisi

195 2473 248 2536 uti
262 2474 469 2557 propositum
482 2474 570 2537 uitae
585 2472 772 2556 periculum
787 2480 820 2538 et
835 2474 1016 2537 cotidianas
1032 2494 1103 2557 cap
1175 2516 1178 2523 Δ

194 2577 252 2643 itis
275 2579 411 2643 insidias
434 2580 497 2643 hac
517 2599 587 2642 una
606 2579 733 2643 ratione
755 2579 886 2643 vitaret.
932 2579 1043 2662 Atque
1064 2586 1103 2643 ut

193 2683 388 2767 intelligatis
410 2685 461 2749 his
484 2690 678 2749 accusatum
701 2704 769 2749 esse
792 2686 984 2751 criminibus
1008 2686 1103 2771 Oppi-

194 2789 340 2871 anicum,
364 2797 404 2855 ut
427 2811 535 2873 neque
560 2798 731 2857 aecusator
755 2793 870 2857 timere
895 2814 1001 2876 neque
1026 2814 1103 2856 reus

127 2916 130 2925 ·
194 2916 325 2979 sperare
344 2896 507 2978 debuerit,
522 2918 628 2981 pauca
646 2899 738 2963 vobis
758 2898 849 2963 illius
872 2898 988 2963 iudicii
1008 2899 1103 2961 crim-

192 3001 252 3063 ina
267 3022 449 3086 exponam:
473 3003 594 3086 quibus
609 3004 749 3087 cognitis
770 3025 867 3069 nemo
882 3010 1030 3068 vestrum
1045 3003 1103 3067 mi·

194 3107 324 3171 rabitur
339 3106 437 3173 illum
453 3109 664 3175 diffidentem·
674 3110 773 3175 rebus
789 3111 857 3176 suis
872 3109 915 3193 ad
931 3108 1104 3171 Staienum

193 3216 295 3302 atque
311 3213 354 3277 ad
369 3216 545 3298 pecuniam
559 3216 755 3299 confugisse.

238 3318 293 3383 21.
317 3318 456 3385 Larinas
476 3322 641 3404 quaedam
658 3320 725 3385 fuit
750 3319 889 3400 Dinaea,
905 3340 1016 3385 socrus
1041 3318 1103 3403 Op-

192 3426 328 3509 pianici,
352 3448 438 3512 quae
462 3427 548 3494 filios
574 3426 693 3493 habuit
716 3425 775 3506 M,
796 3424 897 3491 Num.
924 3424 1046 3489 Aurios
1070 3431 1104 3491 et

195 3530 258 3596 On.
276 3531 426 3617 Magium
448 3540 483 3600 et
503 3534 609 3619 filiam
626 3532 783 3614 Magiam,
799 3536 938 3614 nuptam
954 3530 1104 3613 Oppiani-
