2667 4034
266 313 306 371 94
489 328 554 371 rao
575 329 606 370 A.
627 327 790 371 cnunnrro
813 325 944 370 oasrro.

265 498 398 564 fidelem
408 498 642 579 arbitrabatur,
652 499 693 562 ab
704 499 767 562 hoe
779 497 983 562 adolescente
993 497 1172 582 Oppianico

265 605 303 668 iu
316 605 542 688 quaestionem
562 603 751 688 postulavit.
797 601 864 666 Hic
879 623 984 686 quum
1006 609 1092 667 esset
1114 603 1172 668 illo

266 718 412 795 tempore
427 731 511 794 puer
523 709 559 774 et
571 709 631 773 illa
645 710 793 792 quaestio
808 709 849 772 de
867 709 970 792 patris
993 709 1045 772 sui
1066 715 1173 772 morte

266 816 424 881 constitui
439 816 617 896 diceretur,
632 815 695 878 etsi
708 814 812 897 ,illum
832 834 964 878 servum
984 820 1017 878 et
1037 815 1098 878 sibi
1119 815 1173 878 be-

266 922 421 986 nevolum
444 941 513 986 esse
537 927 571 986 et
593 901 680 1005 patri
704 920 805 984 fuisso
832 921 1064 1001 arbitrabatur,
1088 919 1173 984 nihil

266 1034 378 1092 tamen
393 1033 444 1092 est
457 1047 560 1092 ausus
574 1047 739 1091 recusare.
784 1026 1000 1090 Advocantur
1019 1027 1116 1090 amici
1139 1033 1174 1090 et

266 1133 409 1217 hospites
424 1132 596 1216 Oppianici
611 1139 646 1198 et
659 1133 762 1216 ipsius
776 1132 926 1197 mulieris
945 1132 1054 1213 multi,
1069 1132 1174 1196 homi-

267 1258 326 1303 nes
348 1239 477 1303 honesti
501 1246 600 1322 atque
624 1237 777 1302 omnibus
800 1238 899 1302 rebus
923 1238 1040 1301 ornati.
1094 1237 1174 1302 Tor-

267 1344 388 1410 mentis
399 1345 550 1409 omnibus
558 1345 843 1409 vehementissime
852 1344 1035 1426 quaeritur.
1059 1343 1174 1420 Quum

268 1456 377 1515 essent
390 1451 493 1514 animi
507 1471 678 1516 servorum
693 1456 727 1515 et
737 1470 793 1534 spe
804 1455 838 1514 et
852 1457 946 1514 metu
961 1450 1124 1533 temptati,
1133 1455 1174 1513 ut

268 1556 394 1640 aliquid
408 1557 444 1620 in
455 1557 648 1639 quaestione
663 1556 823 1636 dicerent,
835 1562 958 1636 tamen,
967 1560 1008 1618 ut
1022 1555 1173 1635 arbitror,

268 1663 464 1726 auctoritate
475 1661 780 1726 advocatommavi
790 1655 1030 1726 tormentorum
1040 1661 1173 1725 abducti

267 1767 304 1830 in
325 1767 463 1830 veritate
484 1773 680 1832 manserunt
701 1787 808 1852 neque
831 1787 864 1832 se
887 1767 1069 1851 quidquam
1090 1767 1173 1830 66116

269 1873 436 1936 dixerunt.
483 1872 557 1938 177.
587 1872 744 1951 Quaestio
767 1873 826 1938 illo
850 1873 904 1941 die
927 1873 968 1938 de
993 1873 1175 1937 amicorum

268 1977 431 2042 sententia
444 1979 579 2043 dimissa
593 1986 655 2044 est.
702 1979 789 2044 Satis
803 1979 902 2062 longo
917 1978 1092 2044 intervallo
1102 1984 1175 2063 post

267 2084 391 2149 iterum
405 2084 620 2149 advocantur.
645 2085 799 2150 Habetur
811 2085 851 2150 de
867 2085 997 2168 integro
1008 2084 1172 2167 quaestio:

267 2189 362 2254 nulla
372 2191 421 2254 vis
435 2196 679 2256 tormentorum
693 2191 929 2255 acerrimorum
944 2189 1176 2274 praetermitti-

267 2303 345 2359 tur:
378 2296 520 2359 aversari
546 2296 698 2360 advocati
724 2301 758 2360 et
783 2297 851 2360 iam
875 2296 932 2358 vix
958 2295 1043 2360 ferre
1070 2315 1175 2378 posse,

268 2400 379 2464 1111616
401 2401 544 2466 6111116116
566 2408 665 2485 atque
687 2401 879 2485 importuna
899 2400 1030 2480 mulier,
1046 2400 1107 2464 sibi
1121 2421 1177 2464 ne-

269 2514 497 2589 quaquam,ut
511 2513 682 2591 sperasset,
698 2527 748 2588 ca,
763 2527 849 2590 quae
868 2507 1052 2590 cogitasset,
1068 2526 1177 2590 proce-

269 2612 357 2676 dere.
405 2611 518 2689 Quum
539 2613 606 2676 iam
628 2620 733 2678 tortor
756 2620 856 2695 atque
880 2618 988 2676 essent
1011 2618 1177 2677 tormenta

268 2716 339 2798 ipsa
354 2716 480 2781 defessa
501 2739 609 2801 neque
627 2726 740 2783 tamen
754 2717 813 2782 illa
826 2717 928 2783 finem
942 2718 1048 2782 facere
1064 2716 1175 2795 vellet,

269 2821 405 2903 quidam
428 2842 471 2886 ex
493 2823 670 2904 advocatis,
685 2825 783 2888 homo
805 2830 839 2889 et
861 2824 1040 2888 bonoribus
1062 2822 1176 2908 populi

269 2933 405 2992 ornatus
428 2934 463 2992 et
486 2949 624 2998 summa,
637 2930 763 2995 virtute
786 2930 968 3014 praeditus,
990 2928 1175 3011 intelligere

269 3054 303 3098 66
320 3032 405 3097 dixit
418 3055 485 3099 non
499 3035 535 3097 id
550 3035 615 3117 agi,
630 3041 672 3099 ut
690 3056 808 3100 verum
830 3036 1048 3114 inveniretur,
1064 3035 1122 3098 sed
1137 3040 1177 3097 ut

269 3138 395 3222 aliquid
417 3140 494 3203 falsi·
516 3141 624 3204 dicere
646 3147 854 3224 cogerentur.
900 3140 977 3204 Hoc
1001 3146 1176 3224 postquam

269 3245 389 3308 caeteri
404 3247 670 3328 comprobarunt,
685 3266 728 3310 ex
747 3247 898 3312 omnium
920 3246 1083 3311 sententia
1103 3266 1177 3309 con-

270 3349 424 3411 stitutum
450 3356 500 3413 est
526 3351 604 3413 satis
629 3349 735 3414 videri
760 3371 829 3416 esse
853 3352 1052 3435 quaesitum.
1099 3349 1173 3415 178.

268 3449 433 3514 Redditur
462 3452 640 3535 Oppianico
670 3453 888 3537 Nicostratus,
915 3454 1077 3520 Larinum
1106 3455 1176 3538 ipsa

269 3554 485 3633 proficiscitur
507 3577 585 3620 curn
609 3559 676 3624 suis
703 3580 864 3641 macrone,
885 3561 973 3644 quod
997 3561 1062 3624 iam
1088 3569 1175 3625 certe
