2667 4034
228 291 269 348 84
460 305 524 347 rao
545 306 577 346 s.
599 303 761 348 cruanrro
784 303 916 349 enarro.

230 476 323 554 Quae
338 476 366 540 si
380 476 472 540 vobis
488 475 637 540 condicio
658 473 779 558 placet,
793 494 907 539 omnes
930 474 965 538 id
988 494 1139 558 agamus,

228 589 268 646 ut
291 583 372 646 haec
387 581 647 665 quamprimum
661 580 696 642 in
713 599 825 644 omnes
840 579 973 644 ordines
988 581 1139 663 quaestio

228 688 422 772 perferatur.
486 684 488 689 ’
563 755 566 761 ,
948 691 951 694 ’

271 792 378 856 LVII.
425 792 557 857 Interea
572 792 719 876 quidem,
734 812 793 876 per
811 792 888 856 deos
912 790 1134 856 immortales!

227 900 385 982 quoniam
396 899 508 963 omnia
523 898 695 971 commoda
709 905 832 977 nostra,
842 897 928 977 iura,
937 896 1146 978 libertatem,

228 1005 368 1068 salutern
384 1004 526 1088 denique
541 1003 670 1087 legibus
686 1003 884 1085 obtinemus,
894 1022 914 1066 a
924 1002 1052 1085 legibus
1068 1024 1136 1067 non

226 1109 440 1174 recedamus:
479 1109 579 1173 simul
608 1115 643 1174 et
672 1109 757 1172 illud
783 1129 884 1192 quam
910 1109 952 1172 sit
980 1108 1137 1192 iniquum

227 1214 420 1298 cogitemus,
428 1215 590 1300 populum
601 1213 790 1278 Romanum
806 1213 899 1278 aliud
914 1234 1004 1278 nunc
1020 1234 1133 1297 agere:

226 1320 317 1385 robis
331 1342 403 1386 rem
417 1321 584 1406 publicam
599 1327 633 1384 et
647 1320 797 1384 fortunas
816 1340 892 1384 suas
914 1319 1133 1384 commisisse:

226 1428 336 1511 ipsum
358 1428 428 1492 sine
451 1447 531 1492 cura
553 1446 641 1491 esse:
673 1446 742 1489 non
763 1433 923 1506 metuere,
938 1445 980 1490 ne
996 1424 1069 1508 lege
1084 1445 1135 1507 ea,

226 1555 328 1616 quam
349 1554 534 1617 numquam
554 1533 624 1616 ipse
640 1531 785 1612 iusserit,
801 1538 835 1596 et
849 1532 1053 1614 quaestione,
1068 1551 1136 1615 qua

227 1659 261 1702 se
277 1639 423 1702 solutum
437 1639 645 1722 liberumque
660 1657 731 1702 esse
746 1637 936 1716 arbitretur,
945 1656 1134 1720 perpaucos

160 1769 166 1778 ·
225 1743 352 1807 iudices
373 1744 585 1826 astringatur.
635 1741 711 1808 156.
737 1741 818 1826 Agit
833 1743 921 1807 enim
938 1742 985 1806 sic
1000 1762 1135 1806 eausam

226 1848 265 1912 T.
282 1848 416 1930 Accius,
440 1847 628 1912 adolescens
652 1849 760 1913 bonus
784 1853 818 1912 et
842 1848 997 1929 disertus,
1021 1867 1134 1912 omnes

226 1955 312 2019 cives
335 1953 462 2036 legibus
486 1954 592 2019 teneri
614 1955 786 2020 omnibus:
819 1975 877 2019 vos
903 1953 1073 2018 attenditis
1099 1959 1134 2018 et

226 2060 348 2123 auditis
364 2059 505 2140 silentio,
517 2060 604 2124 sicut
617 2061 725 2126 facere
741 2061 876 2125 debetis.
904 2059 946 2123 A.
960 2059 1133 2124 Cluentius

226 2185 360 2230 eausam
386 2166 467 2230 dieit
490 2185 590 2249 eques
614 2164 785 2230 Romanus
807 2186 846 2230 ea
867 2165 951 2249 lege,
972 2185 1039 2248 qua
1060 2164 1133 2248 lege

226 2280 391 2337 senatores
413 2277 446 2336 et
467 2272 503 2351 ii,
526 2271 585 2355 qni
606 2271 837 2354 magistratum
854 2271 1056 2352 habuerunt,
1072 2271 1133 2335 soli

224 2384 399 2442 tenentur:
425 2377 508 2442 mihi
527 2397 587 2461 per
601 2397 679 2442 eum
694 2396 846 2441 recusare
862 2383 895 2441 et
909 2377 945 2440 in
961 2397 1035 2441 arce
1049 2375 1132 2459 legis

217 2485 388 2568 ‚praesidia
410 2484 609 2548 constituere
632 2482 830 2548 defensionis
852 2503 945 2547 meae
960 2504 1027 2546 non
1042 2482 1131 2556 licet.

226 2587 262 2652 Si
295 2590 475 2655 obtinuerit
508 2609 641 2653 eausam
677 2588 863 2670 Cluentius
897 2589 995 2654 sicuti
1024 2595 1134 2652 vestra

225 2694 390 2776 aequitate
415 2695 487 2758 nixi
514 2694 721 2775 confidimuS,
746 2715 859 2760 omnes
884 2695 1133 2777 existimabunt,

224 2799 260 2861 id
274 2800 363 2881 quod
379 2785 453 2881 crit,
465 2801 645 2864 obtinuisse
661 2807 795 2886 propter
809 2801 1044 2880 innocentiam,
1054 2821 1133 2884 quo-

224 2905 316 2969 niam
329 2905 377 2969 ita
392 2905 545 2970 defensus
561 2905 620 2971 sit:
645 2906 769 2990 inlege
785 2913 909 2988 autem,
919 2927 1021 2990 quam
1035 2907 1133 2969 attin-

225 3031 301 3095 gere
327 3012 482 3092 noluerit,
509 3012 664 3096 praesidii
690 3013 775 3077 nihil
800 3013 912 3078 fnisse.
959 3010 1035 3078 157.
1065 3010 1133 3076 Hic

224 3109 315 3182 nunc
330 3125 380 3182 est
393 3119 562 3202 quiddam,
578 3118 667 3202 quod
689 3118 732 3182 ad
749 3139 802 3184 me
818 3119 993 3204 pertineat,
1009 3119 1049 3182 de
1065 3139 1132 3201 quo

224 3230 301 3287 ante
327 3224 408 3304 dixi,
425 3224 522 3307 quod
547 3245 608 3308 ego
638 3225 760 3308 populo
790 3224 940 3318 Romano
965 3230 1132 3309 praestare

225 3328 372 3407 debeam,
397 3330 554 3410 quoniam
583 3331 611 3393 is
636 3331 724 3394 vitae
750 3351 843 3395 meac
871 3337 975 3396 status
1006 3336 1067 3410 cst,
1092 3335 1133 3394 ut

225 3432 330 3493 omnis
352 3433 434 3496 mihi
457 3453 538 3497 cura
558 3440 591 3498 et
610 3455 710 3518 opera
729 3437 834 3518 posita
850 3437 892 3501 sit
906 3437 942 3501 in
957 3436 1134 3501 hominum

225 3533 379 3612 periculis
406 3536 628 3602 defendendis.
684 3538 793 3604 Video
819 3549 945 3626 quanta
971 3548 1005 3630 et
1029 3562 1133 3626 quam
