2667 4034
416 321 488 363 cnr.
509 321 639 377 v.-v1.‚
665 306 697 373 ἐξ
713 300 837 363 12-16.
1061 307 1079 363 9

171 492 279 557 tium:
319 490 409 575 quod
446 490 606 555 solacium
634 490 801 556 malorum
833 490 983 556 omnium
1012 490 1091 571 fore,

171 598 357 671 videbatur.
403 596 552 662 Discedit
582 617 602 661 a
630 596 754 662 Melino
786 596 951 678 Cluentia,
982 598 1083 661 utin

171 705 274 769 tantis
289 704 422 768 iniuriis
436 724 503 769 non
517 703 634 784 invita,
649 709 690 768 ut
712 724 732 767 a
749 704 820 768 viro
841 724 908 768 non
930 703 1080 768 libenter.

171 810 261 875 Tum
274 809 426 875 remilla
446 810 578 893 egregia
600 816 634 874 et
655 810 824 893 praeclara
845 816 951 874 mater
973 808 1085 894 palam·

172 915 340 1006 exsultare
362 915 499 996 laetitia,
514 915 719 999 triumphare
739 915 861 999 gaudio
885 916 1004 1000 coepit,
1018 915 1083 980 vio-

171 1023 240 1086 trix
254 1020 355 1102 filiae,
371 1041 439 1085 non
453 1021 611 1085 libidinis.
656 1020 774 1105 Itaque
801 1021 928 1085 diutius
949 1021 1082 1106 suspici-

172 1129 290 1193 onibus
317 1127 471 1193 obscuris.
490 1127 578 1192 laedi
603 1127 727 1191 famam
750 1146 844 1191 suam
865 1126 995 1192 noluit:
1019 1126 1083 1193 lec-

172 1241 247 1298 tum
271 1232 370 1297 illum
395 1231 569 1317 genialem,
595 1252 696 1316 quem
725 1232 858 1297 biennio
888 1240 964 1298 ante
994 1232 1082 1299 filiae

173 1358 253 1403 suae
267 1340 407 1403 nubenti
422 1344 595 1419 straverat,
604 1339 640 1401 in
651 1338 767 1403 eadem
783 1338 879 1403 domo
895 1339 955 1402 sibi
972 1336 1082 1403 ornari

172 1452 207 1511 ct
237 1445 339 1510 sterni
368 1445 512 1536 expulsa·
537 1451 636 1527 atque
666 1444 844 1509 exturbata
872 1443 942 1508 filia
977 1444 1080 1513 iubet.

171 1551 279 1616 Nubit
307 1571 429 1635 genero
462 1571 586 1631 socrus,
616 1549 720 1615 nullis
751 1550 950 1635 auspicibus,
980 1550 1082 1615 nullis

172 1659 376 1739 auctoribus,
391 1658 530 1722 funestis
545 1658 711 1724 ominibus
726 1658 887 1723 omnium.

215 1764 278 1828 VI.
324 1764 378 1829 15.
403 1763 595 1829 0mu1ieris
618 1764 723 1829 scelus
738 1764 929 1830 incredibile
944 1772 977 1829 et
991 1784 1082 1849 prae·

171 1876 224 1935 ter
240 1872 327 1935 banc
348 1890 453 1934 unam
473 1870 511 1962 in
532 1871 623 1935 omni
644 1870 714 1935 vita
735 1870 946 1937 inauditum!
970 1892 990 1935 o
1011 1870 1083 1934 libi-

173 1978 285 2041 dinem
300 1977 493 2041 effrenatam
507 1982 541 2041 et
555 1975 771 2043 indomitam!
796 1997 815 2041 0
831 1976 1004 2041 audaciam
1020 1977 1083 2041 sin·

172 2081 343 2167 gularem?
367 2102 478 2147 nonne
501 2082 661 2163 timuisse,
678 2082 832 2147 siminus
854 2083 922 2147 vim
943 2083 1083 2147 deorum

171 2189 411 2272 hominumque
433 2188 567 2270 famam,
586 2194 622 2252 at
642 2188 736 2252 illam
757 2188 863 2273 ipsam
884 2194 1016 2252 noctem
1037 2188 1082 2252 fa-

153 2314 291 2378 ·cesque
308 2294 383 2361 illas
405 2293 598 2379 nuptiales?
620 2316 688 2359 non
703 2293 807 2359 limen
822 2292 991 2359 cubiculi?
1014 2313 1081 2359 non

172 2401 281 2466 cubile
295 2399 408 2465 filiae?
430 2422 498 2465 non
513 2400 653 2485 parietes
669 2400 811 2483 denique
826 2400 923 2485 ipsos,
940 2400 1082 2485 superio-

172 2528 251 2571 rum
272 2511 375 2599 'testes
398 2503 618 2591 nuptiarum?
649 2505 815 2589 Perfregit
844 2526 882 2570 ac
902 2506 1083 2589 prostravit

173 2614 284 2678 omnia
293 2600 485 2697 cupiditate·
495 2631 533 2677 ac
547 2612 679 2676 furore:
699 2612 780 2676 vicit
793 2613 954 2698 pudorem
967 2611 1082 2695 libido,

171 2719 325 2783 timorem
350 2718 501 2799 audacia,
521 2717 686 2783 rationem
710 2718 864 2784 umentia.
910 2718 963 2783 16.
988 2719 1082 2784 Tulit

171 2826 234 2889 hoc
272 2844 447 2890 commune
485 2824 628 2889 dedecus
673 2825 828 2908 familiae,
867 2827 1081 2910 cognationis,

94 2964 98 2969 -
172 2932 316 2997 no‘minis
341 2932 486 3015 graviter
510 2930 621 2996 filius:
655 2933 839 3016 augebatur
868 2940 982 2998 autem
1011 2934 1082 2998 eius

171 3037 323 3102 molestia
347 3037 521 3102 cotidianis
547 3038 762 3123 querimoniis
784 3045 818 3103 et
838 3038 976 3103 adsiduo
999 3040 1083 3103 fletu

172 3144 313 3209 sororis:
339 3144 458 3208 statuit
470 3150 583 3209 tamen
597 3144 682 3208 nihil
698 3144 759 3208 sibi
774 3145 810 3207 in
827 3144 928 3207 tantis
950 3143 1082 3207 iniuriis

172 3268 212 3314 ac
236 3256 330 3315 tanto
354 3250 475 3315 scelere
498 3251 613 3314 matris
634 3250 768 3333 grevim
788 3268 856 3313 esse
883 3248 1083 3330 faciendum,

171 3376 274 3440 quam
288 3362 329 3420 ut
342 3356 459 3421 ille'ne
475 3362 646 3421 uteretur:
671 3376 750 3421 nem
773 3374 857 3439 quae
878 3355 989 3420 videre
1013 3354 1082 3419 sine

171 3484 303 3528 summo
330 3463 433 3527 animi
463 3462 575 3527 dolore
601 3484 668 3527 non
692 3467 832 3547 poterat,
855 3482 905 3542 ee,
929 3462 955 3525 si
978 3466 1083 3524 matre

170 3571 337 3652 uteretur,
353 3590 423 3635 non
437 3569 546 3633 solum
558 3569 687 3657 videre,
699 3588 817 3633 verum
831 3568 931 3633 etiam
946 3566 1083 3650 probare

134 3664 142 3677 ’
172 3696 234 3742 suo
248 3676 377 3742 iudicio
392 3680 577 3761 putaretur.
