2667 4034
246 246 283 301 θ’)
475 259 540 301 rao
561 260 593 301 1.
615 258 777 301 cuunnrro
801 258 931 301 onarro.
958 220 964 232 ’

245 436 358 494 tamen
372 429 589 513 Oppianicum
604 428 708 512 gratis
723 428 966 493 condemnasse.
1009 427 1178 509 Verum,··

245 536 272 599 si
294 536 451 601 innocens
473 535 621 615 Falcula,
644 555 767 618 quaero
790 535 864 618 quis
881 534 931 599 ¹sit
953 534 1101 599 nocens?
1127 537 1155 599 si

244 642 299 705 bic
314 642 417 724 gratis
432 640 675 721 condemnarit,
687 640 762 722 quis
778 638 926 723 accepit?
973 638 1066 723 Nego
1082 662 1154 705 rem

245 768 313 811 csse
329 747 434 811 ullam
447 748 485 809 in
499 752 701 830 quemquam
721 745 859 809 illorum
878 746 1050 826 obiectam,
1067 767 1152 829 quac

138 908 141 911 ,
244 853 452 916 Fidiculanio
467 852 594 916 obiecta
616 872 684 921 nou
707 852 758 933 sit,
775 851 902 935 aliquid
924 851 1023 915 fuisse
1046 852 1083 914 in
1100 852 1153 915 Fi-

245 956 405 1021 diculanii
430 977 541 1037 causa,
561 956 651 1041 quod
674 957 764 1021 idem
789 977 857 1021 noa
883 962 969 1021 esset
989 956 1025 1021 in
1048 963 1153 1021 cacto-

243 1074 382 1127 rorum.
416 1061 490 1126 114.
515 1063 586 1126 Aut
603 1063 666 1127 hoc
683 1062 848 1125 iudicium
866 1061 1084 1147 reprehendas
1100 1069 1152 1144 tu,

243 1168 341 1233 cuius
356 1169 521 1232 accusatio
536 1169 635 1233 rebus
655 1168 809 1233 iudicatis
825 1168 1004 1248 nitebatur,
1019 1153 1151 1233 necesso

243 1276 304 1356 est,
319 1281 390 1356 aut,
406 1275 433 1339 si
454 1276 518 1339 hoc
537 1294 655 1339 verum
670 1294 738 1339 csse
754 1273 917 1355 concedis,
933 1273 1153 1357 Oppianicum

243 1381 346 1463 gratis
360 1382 617 1445 condemnatum
632 1400 701 1443 esse
716 1379 850 1443 fateare.

289 1485 498 1570 Quamquam
512 1487 591 1550 satis
605 1506 726 1570 magno
747 1491 943 1569 argumento
958 1506 1027 1549 csse
1043 1486 1151 1565 debet,

243 1593 332 1675 quod
354 1613 396 1656 ex
418 1599 488 1656 tam
509 1592 623 1656 multis
649 1592 816 1656 iudicibus
842 1592 990 1656 absoluto
1013 1590 1151 1656 Falcula

243 1718 340 1761 nemo
355 1718 432 1761 reus
446 1697 553 1762 factus
568 1704 628 1761 est.
667 1696 761 1774 ⁴Quid
776 1698 866 1761 enim
880 1698 963 1761 mihi
979 1698 1150 1760 damnatos

244 1802 387 1867 ambitus
417 1802 580 1885 colligitis,
608 1804 674 1868 alia
701 1803 787 1887 lege,
818 1804 915 1867 certis
946 1802 1150 1883 criminibus,

243 1909 393 1995 plurimis
423 1910 588 2001 testibus?
613 1932 720 1995 quum
750 1912 895 1996 primum
924 1909 975 1973 illi
1003 1909 1066 1995 ipsi
1097 1908 1151 1973 de·

242 2017 376 2082 buerint
401 2018 509 2104 potius
537 2019 685 2083 accusari
713 2018 754 2082 dc
780 2018 929 2103 pecuniis
958 2015 1150 2101 repetundis

244 2145 344 2208 quam
359 2126 513 2189 ambitus.
559 2124 646 2189 Nam
669 2125 697 2189 si
717 2124 754 2189 iu
777 2124 921 2187 ambitus
939 2115 1071 2186 iudiciis
1086 2122 1150 2185 hoc

180 2261 185 2272 ·
243 2231 284 2294 iis
298 2231 414 2312 obfuit,
430 2252 536 2314 quum
550 2230 615 2294 alia
636 2229 709 2313 lege
725 2250 860 2295 causam
876 2229 1033 2309 dicerent,
1048 2233 1149 2307 certe,

244 2337 272 2400 si
300 2337 432 2421 propria
459 2335 532 2420 lege
561 2336 661 2399 huius
697 2336 824 2420 peccati
859 2334 993 2398 adducti
1029 2341 1149 2413 essent,
1193 2341 1199 2352 '

242 2442 350 2506 multo
371 2442 447 2526 plus
469 2442 636 2507 obfuisset.
685 2439 760 2505 115.
784 2440 913 2511 Deinde
936 2439 963 2503 si
985 2446 1079 2503 tanta
1099 2439 1149 2501 vis

244 2548 308 2611 fuit
329 2549 425 2613 istius
448 2549 606 2629 criminis,
621 2553 673 2629 ut,
688 2568 756 2631 qua
777 2547 917 2630 quisque
939 2546 1011 2629 lege
1027 2566 1068 2609 ex
1084 2545 1149 2609 illis

242 2652 407 2716 iudicibus
443 2674 520 2717 reus
555 2654 665 2717 factus
694 2660 790 2734 esset,
821 2659 932 2717 tamen
961 2652 1024 2716 hac
1054 2650 1150 2736 plaga

242 2746 376 2841 periret,
396 2778 458 2821 cur
480 2758 517 2822 in
542 2765 635 2823 tanta
660 2758 876 2823 multitudine
907 2764 1149 2838 accusatorum,

243 2862 344 2927 tantis
363 2864 528 2948 praemiiS,
544 2865 664 2929 caeteri
686 2865 734 2929 rei
754 2865 833 2929 facti
850 2886 919 2929 non
937 2862 1041 2928 sunt?
1082 2860 1150 2926 Hic

242 2969 407 3054 profertur
429 2970 476 3051 id,
491 2970 581 3054 quod
602 2971 765 3043 iudicium
788 2970 945 3055 appellari
968 2990 1035 3035 non
1058 2989 1149 3053 opor·

242 3083 301 3158 tet,
317 3076 356 3140 Ρ.
374 3075 532 3162 Septimio
555 3076 730 3143 Scaevolae
752 3077 846 3143 litem
869 3098 908 3142 eo
929 3076 1064 3141 nomine
1079 3093 1149 3167 esse

242 3184 459 3249 aestimatam.
499 3184 604 3248 Cuius
619 3184 667 3248 rci
684 3204 769 3267 quae
784 3182 989 3249 consuetudo
1001 3181 1060 3261 sit,
1070 3199 1149 3263 quo-

241 3289 333 3353 niam
358 3290 447 3374 apud
474 3291 622 3379 homines
647 3289 862 3373 peritissimos
888 3289 973 3370 dico,
997 3285 1148 3372 pluribus

241 3396 348 3459 verbis
375 3396 491 3481 docere
521 3419 589 3462 non
615 3396 729 3461 debeo.
775 3396 974 3482 Numquam*
995 3395 1083 3460 enim
1109 3411 1149 3457 ea

243 3500 425 3583 diligentia,
441 3522 526 3584 quae
537 3501 624 3567 ‘solet
639 3502 787 3567 adhiberi
802 3502 836 3566 in
853 3502 990 3568 caeteris
1004 3500 1148 3581 iudiciis,
