2667 4034
295 320 367 361 oar.
387 321 533 361 xxxvnr.
545 320 696 383 —rrxxrrn
739 304 770 370 ἓξ
787 302 873 361 105-
885 303 951 362 109.
1032 304 1071 363 57

162 490 300 574 quidem
330 489 477 555 absolvit.
524 489 678 574 Longum
714 494 765 555 est
794 488 835 553 da
854 489 1071 573 ,singulorum

162 576 286 660 virtute
309 596 358 673 ita
384 595 512 671 dicere:
536 616 633 679 quae,
657 595 737 678 quia
767 594 899 679 cognita
928 601 1006 659 sunt
1030 596 1071 660 ab

162 703 326 784 omnibus,
355 685 534 765 verborum
567 706 761 765 ornamenta
796 721 862 764 non
892 707 1068 784 quaerunt.

164 807 279 886 Qualis
293 808 345 871 vir
367 806 412 871 M.
436 806 612 871 luventius
633 806 724 871 Pedo
745 806 809 870 fuit
831 826 873 870 ex
887 814 997 887 uetere
1013 806 1072 871 illa

162 914 313 978 iudicum
335 910 534 998 disciplina?
559 910 666 995 qualis
688 910 727 976 L.
753 910 891 975 Caulius
906 910 1041 995 Mergus
1054 910 1079 976 ‘i'

162 1020 209 1084 M.
240 1018 407 1084 Basilius?
432 1017 470 1083 O.
503 1016 702 1083 Caudinus?
726 1017 784 1101 qui
814 1037 926 1083 omncs
955 1018 991 1083 in
1020 1019 1070 1083 iu·

164 1126 257 1190 diciis
293 1125 434 1209 publicis
464 1125 532 1189 iam
561 1130 647 1205 tum,
677 1124 816 1189 florente
853 1144 889 1189 re
926 1126 1069 1209 publica,

161 1231 361 1295 floruerunt.
407 1232 459 1296 nx
482 1231 597 1296 eodem
619 1249 759 1294 numero
782 1228 820 1293 L.
846 1227 989 1310 Cassius,
1006 1229 1067 1296 On.

160 1337 281 1419 Heius,
296 1338 367 1423 pari
382 1345 416 1403 et
436 1338 626 1422 integritate
648 1348 683 1401 et
704 1336 902 1422 prudentia:
927 1357 1070 1420 quorum

161 1442 289 1507 nullius
312 1445 474 1509 sententia
496 1448 547 1509 est
561 1442 761 1528 Oppianicus
784 1441 965 1506 absolutus.
1010 1442 1070 1507 Aa

160 1568 227 1632 que
254 1549 289 1613 in
315 1549 366 1613 his
393 1550 546 1614 omnibus
572 1558 656 1613 natu
681 1548 851 1629 minimus,
877 1548 1010 1632 ingenio
1036 1555 1070 1614 et

162 1654 334 1738 diligentia
358 1662 392 1719 et
414 1655 574 1739 religione
597 1655 735 1743 pariis,
756 1675 838 1739 quos
862 1662 960 1719 antea
984 1675 1069 1721 com-

159 1761 407 1842 memoravi-P.
430 1761 595 1843 Saturius,
611 1762 646 1827 in
669 1762 785 1827 eadem
808 1762 970 1826 sententia
992 1762 1067 1827 fuit.

162 1866 238 1932 108.
263 1868 291 1932 O
311 1868 535 1933 innocentiam
560 1869 730 1954 Oppianici
757 1868 978 1953 singularem!
1002 1890 1069 1952 quo

159 1973 198 2037 in
210 1993 278 2055 reo,
291 1974 349 2057 qui
360 1974 499 2040 absolvit
511 1974 715 2058 ambitiosuS,
727 1975 785 2059 qui
797 1975 927 2039 distulit
938 1983 1068 2059 cautus,

160 2080 220 2163 qui
236 2075 465 2153 condemnavit
480 2087 633 2145 constans
648 2081 869 2145 existimatur.

205 2184 375 2250 XXXIX.
400 2186 493 2252 Haec
514 2194 589 2251 tum
611 2187 758 2271 agitante
782 2184 937 2263 Quinctio
959 2207 1067 2270 neque

159 2291 197 2355 in
219 2292 370 2357 contione
393 2313 500 2377 neque
524 2293 560 2357 in
582 2292 705 2357 iudicio
728 2292 951 2357 demonstrata
977 2298 1066 2356 sunt.

159 2397 277 2482 Neque
299 2399 389 2463 enim
409 2398 480 2483 ipse
502 2399 567 2464 dici
590 2399 779 2483 patiebatur
800 2419 862 2463 nec
884 2418 943 2483 per
957 2398 1069 2484 multi-

158 2505 313 2569 tudinem
341 2506 539 2570 concitatam
565 2506 743 2571 consistere
772 2506 930 2589 cuiquam
959 2506 995 2569 in
1022 2506 1069 2569 di-

160 2612 265 2677 cendo
294 2611 424 2678 licebat.
480 2613 600 2697 Itaque
629 2613 698 2696 ipse
728 2619 902 2697 postquam
930 2612 1068 2678 Iunium

158 2718 328 2802 pervertit,
347 2724 454 2783 totam
479 2739 613 2784 causam
640 2718 787 2803 reliquit.
833 2717 953 2784 Paucis
979 2722 1068 2787 enim

159 2823 276 2888 diebus
289 2824 357 2889 illis
372 2830 405 2889 et
419 2825 488 2909 ipse
500 2826 648 2909 privatus
662 2832 713 2891 est
723 2826 832 2891 factus
847 2834 881 2892 et
894 2828 1068 2894 hominum

159 2929 271 2993 studia
293 2929 467 2995 deservisse
490 2930 704 3015 intelligebat.
752 2931 849 3010 Quod
870 2934 896 2997 si
912 2954 971 3019 per
983 2943 1067 3016 ‘quos

159 3034 229 3099 dies
262 3034 401 3101 Iunium
432 3037 598 3101 accusavit
631 3037 881 3103 Fidiculanium
914 3058 1067 3103 accusare

156 3139 327 3223 voluisset,
343 3142 564 3225 respondendi
585 3142 794 3209 Fidiculanio
816 3148 959 3228 potestas
980 3142 1069 3207 facta

156 3267 226 3310 non
246 3252 341 3311 esset.
387 3248 437 3312 Ac
460 3248 567 3332 primo
591 3249 727 3332 quidem
751 3248 904 3314 omnibus
929 3246 996 3311 illis
1019 3248 1068 3311 iu·

156 3351 298 3433 uicibus,
328 3352 387 3437 qui
416 3353 634 3438 Oppianicum
664 3354 936 3436 condemnarant,
965 3354 1069 3418 mina

154 3459 267 3523 batur.
313 3459 389 3523 109.
413 3459 486 3523 Iam
511 3459 723 3525 insolentiam
749 3461 874 3525 noratis
903 3460 1065 3526 hominis:

154 3565 282 3633 noratis
293 3564 420 3632 animos
435 3566 507 3632 eius
522 3585 561 3631 ac
576 3564 711 3648 spiritus
725 3565 929 3631 tribunicios.
970 3563 1083 3657 Quod·
