2667 4034
360 316 431 359 cac.
452 316 676 357 mim—xm.
719 300 750 365 ἐξ
774 298 936 356 109-113.
1058 299 1095 355 53

189 487 232 554 ad
254 484 376 550 Rostra
397 484 529 550 detulit.
575 484 619 548 Ilt
639 483 708 547 iam
727 484 903 567 querimur
925 503 1020 587 saepe
1042 483 1098 548 ho-

130 587 135 595 ’
189 592 336 672 minibus
358 591 450 655 novis
471 612 540 655 non
563 589 641 653 satis
663 610 800 673 magnos
822 590 859 653 in
880 590 942 653 hac
966 590 1097 654 civitate

190 715 260 762 esse
296 683 451 760 fructus?
489 694 583 778 Nego
619 714 762 777 usquam
798 714 960 778 umquam
997 694 1098 758 fuisso
1197 700 1204 707 ’

190 803 341 883 maiores,
356 801 415 865 ubi
430 801 458 864 si
479 802 555 884 quis
576 800 711 884 ignobili
735 800 807 865 loco
829 807 928 865 natus
943 800 991 864 ita
1004 800 1097 880 vivit,

189 915 231 973 ut
254 907 436 972 nobilitatis
462 906 659 990 dignitatem
680 907 804 970 virtuto
826 906 915 969 tueri
939 925 1032 990 posse
1051 904 1098 968 vi-

191 1014 321 1094 deatur,
334 1032 442 1095 usque
465 1031 504 1076 eo
525 1012 686 1096 pervenit,
701 1011 811 1093 quoad
833 1031 911 1075 eum
933 1010 1098 1075 industria

190 1140 270 1184 cum
304 1118 494 1183 innocentia
516 1124 705 1201 -proseeuta
741 1123 800 1182 est.
848 1116 922 1181 112.
952 1117 986 1180 Si
1023 1118 1098 1199 quis

62 1279 66 1285 .
190 1231 304 1288 autem
328 1224 391 1288 hoe
412 1244 481 1288 uno
506 1223 641 1304 nititur,
661 1222 751 1305 quod
777 1223 819 1287 sit
842 1222 1006 1305 ignobilis,
1026 1244 1098 1305 pro

190 1329 278 1394 cedit
300 1349 395 1412 saepe
416 1328 560 1411 longina,
576 1348 678 1411 quam
700 1328 727 1391 si
746 1328 834 1392 idem
849 1327 906 1391 ille
921 1333 1007 1391 esset
1021 1349 1108 1392 cum¹

189 1437 309 1501 iisdem
323 1437 392 1500 suis
412 1436 502 1499 vitiis
523 1435 758 1500 nobilissimus.
805 1434 853 1499 Ut
868 1434 1099 1524 Quinctiusft-

189 1542 274 1606 nihil
296 1543 385 1606 enim
408 1542 516 1605 dicam
537 1541 579 1605 do
606 1540 833 1605 caeteris—si
854 1540 974 1603 suisset
999 1540 1098 1603 homo

149 1641 151 1644 ’
190 1648 320 1728 nobilis,
336 1647 410 1730 quis
425 1667 504 1710 eum
519 1666 597 1710 cum
619 1646 678 1709 illa
701 1646 853 1729 superbia
868 1653 967 1735 atque
981 1646 1098 1709 intole-

190 1755 299 1817 rantia
325 1753 410 1817 ferro
436 1751 622 1837 potuisset?
664 1752 763 1829 Quod
789 1773 828 1815 oo
853 1752 925 1816 loco
950 1752 1027 1834 suit,
1051 1752 1099 1815 ita

90 1903 95 1909 ·
190 1860 353 1941 tulerunt,
383 1865 433 1941 ut,
465 1858 492 1922 si
529 1859 611 1940 quid
640 1859 777 1923 haberet
808 1879 829 1922 a
857 1864 979 1923 natura
1007 1858 1097 1939 boni,

189 1966 342 2049 prodesse
356 1965 388 2029 ei
410 1971 568 2049 putarent
587 1972 756 2048 oportere:
782 1965 967 2047 superbiam
985 1971 1098 2029 autem

191 2079 290 2154 atque
305 2071 535 2156 adrogantiam
556 2071 629 2134 eius
652 2070 866 2133 deridendam
888 2072 992 2152 magis
1015 2071 1099 2133 arbi·
1175 2120 1177 2125 .

190 2184 360 2241 tuerentur
388 2183 522 2261 propter
557 2175 783 2239 humilitatem
819 2174 961 2238 hominis
998 2196 1099 2256 quam

190 2283 494 2367 pertimescendam.
541 2281 633 2345 XLI.
658 2280 735 2363 Sed,
761 2286 802 2345 ut
830 2279 912 2344 illuc
940 2287 1099 2359 revertar,
1138 2290 1163 2373 Ι·

190 2411 257 2474 quo
278 2398 425 2473 tempore
446 2388 677 2453 Fidiculanius
700 2394 750 2452 est
771 2386 953 2466 absolutum
975 2369 1027 2467 tu‚'
1042 2385 1099 2467 qui

189 2496 316 2560 iudicia
343 2495 432 2559 facta
465 2514 714 2574 commemoras,
744 2512 879 2575 quaere,
908 2491 990 2574 quid
1026 2497 1100 2555 tum

190 2622 260 2667 esse
278 2601 447 2673 existimas
467 2598 680 2664 iudicatum?
703 2605 792 2663 certe
808 2598 910 2681 gratis
924 2597 1098 2662 iudicasse.

191 2708 267 2773 113.
291 2709 338 2772 At
367 2708 623 2773 condemnarat:
648 2712 685 2772 at
720 2726 856 2771 eausam
891 2711 997 2771 totam
1033 2728 1100 2771 non

191 2816 364 2881 audierat:
389 2822 424 2881 at
437 2816 475 2881 in
490 2816 699 2881 contionibus
719 2818 872 2882 omnibus
887 2817 960 2883 aL.
978 2819 1101 2896 Quinc·

189 2923 238 2987 tio
252 2923 464 2987 vehementer
478 2929 551 2987 erat
565 2930 599 2987 et
615 2944 709 3009 saepe
724 2931 875 2989 vexatus.
917 2924 983 2988 Illa
996 2925 1101 3007 igitur

190 3029 303 3094 omnia
325 3024 527 3105 Quinctiana
551 3030 679 3113 iniqua,
700 3030 794 3111 falsa,
817 3030 1022 3109 turbulenta,
1046 3049 1100 3111 po

189 3134 342 3221 pulania„
350 3135 506 3200 seditiosa
526 3136 651 3200 iudicia
674 3136 822 3223 fuerunt.
868 3134 967 3221 Esto:
993 3134 1101 3217 potuit

189 3259 260 3304 esse
288 3240 455 3305 innocens.
476 3240 624 3305 Falcula.
672 3240 745 3305 Iam
771 3258 848 3323 ergo
875 3237 979 3320 aliqui
1003 3236 1100 3320 Oppi-

189 3346 325 3410 anicum
343 3346 446 3430 gratis
469 3346 721 3411 condemnavit:
746 3346 814 3410 iam
829 3364 897 3409 non
912 3364 967 3409 eos
981 3342 1101 3407 Iunius

189 3452 389 3517 subsortitus
415 3458 475 3533 est,
498 3452 556 3536 qui
581 3452 723 3536 pecunia
749 3456 882 3535 accepta
907 3449 1102 3515 condemna-

187 3565 283 3625 rent:
307 3559 376 3625 iam
398 3559 507 3644 potuit
528 3558 633 3642 aliqui
654 3557 697 3621 ab
717 3556 814 3621 initio
835 3577 903 3622 non
926 3554 1045 3621 sedisse
1067 3560 1103 3620 et
