2667 4034
347 306 418 350 cnr.
439 306 666 348 xnus-xarv.
708 291 739 357 ἐξ
756 291 810 346 121
823 291 920 348 -1ἳ5,
1044 295 1081 351 65

174 475 384 541 acerbissima
408 475 601 560 proscriptio
631 475 733 560 possit
762 474 909 540 adferre:
940 497 982 541 ne
1008 497 1081 542 cen·

174 581 300 644 sorium
322 579 448 661 stilum,
463 581 560 644 ouius
582 600 776 645 mucronem
793 581 908 645 multis
928 583 1081 648 remediis

174 689 313 753 maiores
335 687 440 753 nostri
465 687 675 779 retuderunt,
696 707 799 770 aeque
825 688 960 772 posthac
982 694 1081 771 etqua

142 825 146 830 ·
173 793 271 858 illum
285 792 499 858 dictatorium
514 791 664 876 gladium
679 791 957 876 pertimescamus.
1004 792 1079 858 124.

175 898 235 964 Sin
259 907 384 981 autem,
410 898 500 983 quod
525 897 748 981 subscriptum
774 903 834 979 est,
861 898 1082 982 quieveram

174 1012 234 1087 est,
264 1005 394 1071 idcirco
416 1024 515 1090 grave
546 1002 643 1068 debet
672 1021 753 1084 esse,
782 1003 845 1068 hoo
871 1023 1080 1088 quaeramus,

172 1131 290 1176 verum
312 1111 356 1176 sit
377 1130 420 1175 an
441 1111 583 1176 falsum:
610 1114 844 1174 removeantur
869 1113 1081 1177 auctoritates

124 1264 128 1271 .
173 1217 358 1281 censoriae:
381 1215 520 1282 tollatur
544 1215 580 1280 id
609 1234 652 1279 ex
679 1234 790 1296 eausa,
812 1213 902 1298 quod
922 1215 959 1281 in
981 1236 1082 1282 cansa

173 1342 240 1386 non
270 1328 340 1387 est:
372 1322 466 1387 doce·
483 1341 585 1406 quam
615 1320 791 1405 pecuniam
822 1319 998 1384 Cluentius
1028 1321 1083 1386 de·

173 1426 270 1508 derit,
296 1427 387 1492 unde
413 1427 552 1508 dederit,
578 1447 679 1510 quem
705 1423 908 1494 admodum
934 1425 1079 1491 dederit:

171 1553 281 1596 unum
303 1533 445 1616 denique
467 1533 602 1617 aliquod
624 1552 645 1596 a
665 1531 821 1596 Cluentio
842 1530 1006 1615 profectae
1028 1551 1081 1616 pe-

173 1637 292 1703 cuniae
311 1639 490 1722 vestigium
506 1638 651 1702 ostende.
698 1637 806 1702 Vince
823 1636 941 1702 deinde
956 1637 1081 1704 bonum
1129 1647 1132 1652 '

43 1749 53 1764 ·
171 1744 284 1808 virum
313 1743 414 1809 fuisse
444 1743 673 1829 Oppianicum,
702 1743 871 1808 hominem
900 1743 1080 1828 integrum,

171 1849 257 1914 nihil
286 1849 327 1914 de
356 1850 416 1914 illo
441 1870 602 1933 umquam
627 1870 722 1915 secus
745 1869 815 1915 esse
841 1849 1080 1931 existimatum,

170 1954 257 2019 nihil
273 1955 414 2039 denique
429 1954 703 2040 praeiudicatum.
745 1955 834 2019 Tum
848 1956 1081 2020 auctoritatem

171 2061 354 2127 censoriam
365 2060 570 2146 amplexato:
589 2066 664 2124 tum
678 2059 813 2124 illorum
827 2060 992 2125 iudicium
1007 2083 1081 2126 eon-

170 2166 324 2231 iunctum
339 2186 409 2232 esse
423 2186 500 2231 cum
514 2186 551 2230 re
568 2164 746 2230 defendite.
793 2161 868 2228 125.
892 2163 984 2228 Dum
1002 2185 1081 2230 vero

171 2293 250 2338 eum
278 2272 380 2338 fuisse
410 2271 628 2356 Oppianicum
656 2269 829 2351 constabit,
859 2270 917 2354 qui
950 2270 1081 2336 tabulas

170 2377 319 2463 publicas
340 2377 514 2463 municipii
539 2397 652 2442 manu*
669 2396 730 2440 sua
752 2376 935 2461 corrupisse
956 2377 1081 2441 iudica·
1170 2401 1175 2410 ·

170 2489 226 2548 tus
252 2483 306 2565 sit,
332 2483 391 2566 qui
414 2488 651 2547 testamentum
676 2480 893 2564 interleverit,
919 2483 977 2567 qui
1008 2505 1081 2567 sup

169 2590 277 2675 posita
289 2609 429 2675 persona
443 2588 564 2654 falsum
577 2593 816 2653 testamentum
835 2588 1079 2672 obsignandum

170 2698 348 2778 curaverit,
363 2696 422 2780 qui
441 2717 531 2778 eum,
547 2695 644 2761 ouius
665 2695 800 2760 nomine
817 2694 854 2759 id
871 2696 1081 2780 obsignatum
1119 2734 1122 2739 -

169 2809 232 2884 est,
246 2803 458 2884 interfecerit,
473 2803 533 2887 qni
555 2802 759 2867 avrmculum
781 2801 843 2867 filii
864 2803 916 2868 sui
931 2803 967 2868 in
982 2804 1080 2868 servi-

170 2915 244 2974 tute
271 2926 310 2972 ac
335 2908 479 2972 vinculis
505 2909 684 2990 necaverit,
710 2909 768 2993 qui
793 2909 977 2993 municipes
1003 2930 1080 2974 suos

169 3014 418 3100 proscribendos
439 3014 701 3098 occidendosque
728 3015 903 3095 curaverit,
926 3015 985 3096 qui
1009 3015 1081 3078 eius

169 3140 433 3204 uxorem,quem
453 3120 630 3201 occiderat,
647 3120 684 3185 in
706 3119 956 3184 matrimonium
979 3119 1081 3182 duxe-
1169 3141 1172 3145 ·

169 3227 225 3308 rit,
240 3227 299 3310 qui
320 3225 497 3311 pecuniam
519 3246 578 3310 pro
600 3225 769 3290 abortione
792 3223 932 3303 dederit,
952 3223 1012 3306 qui
1034 3244 1081 3287 so

85 3357 90 3364 ·
169 3352 275 3414 crum,
287 3331 346 3415 qui
356 3351 490 3412 uxores,
503 3331 561 3414 qui
573 3351 642 3395 uno
653 3336 800 3413 tempore
815 3327 926 3392 fratris
940 3343 1081 3394 uxorem

168 3444 385 3524 speratosque
400 3437 520 3501 liberos
542 3437 744 3517 fratremque
766 3433 886 3517 ipsum,
908 3435 966 3518 qui
993 3434 1082 3498 deni·
1167 3482 1169 3486 .

168 3564 234 3630 que
256 3564 333 3610 suos
351 3542 472 3608 liberos
490 3540 705 3621 interfecerit,
720 3539 778 3623 qui
796 3560 901 3623 quum
915 3561 1081 3607 venenum

227 3649 229 3657 '
519 3647 568 3712 6*
618 3671 622 3682 ,
