2667 4034
371 230 444 349 ianr,
465 291 654 333 xrs-xm.
695 274 914 342 §5113-117:
1056 274 1092 330 61

53 458 56 463 ’
185 461 371 527 eademreo
386 458 544 525 damnato
558 446 777 525 adhibitaest.
824 456 899 523 116.
923 457 965 523 In
978 456 1094 523 litibus

186 564 399 633 aestimandis
413 565 482 630 fere
492 565 619 631 iudices
631 568 701 645 aut,
711 564 800 649 quod
815 563 877 629 sibi
892 584 980 644 eum,
995 584 1095 651 quem

187 672 289 739 semel
314 670 591 751 condemnarunt,
616 670 790 735 inimicum
813 676 934 755 putant
959 690 1040 751 esse,
1067 669 1095 733 si

187 799 273 863 quae
287 778 323 843 in
337 798 416 843 aum
430 777 473 841 lis
494 776 611 861 eapitis
632 776 727 841 illata
741 782 802 858 ast,
816 798 885 842 non
901 776 1094 857 admittunt,

188 892 259 967 aut,
285 884 375 970 quod
400 904 434 949 se
463 884 654 968 perfunctos
683 883 750 947 iam
780 903 849 949 esse
880 883 1095 964 arbitrantur,
1158 928 1163 935 -
1193 897 1197 903 '

188 1012 295 1075 quum
312 989 354 1054 de
375 1009 434 1054 rao
453 989 658 1069 iudicarunt,
674 988 896 1073 negligentius
918 988 1096 1055 attendunt
1198 1040 1200 1045 .

52 1141 63 1183 ·.
188 1103 328 1162 caetera.
373 1094 492 1179 Itaque
512 1100 546 1160 et
566 1095 747 1160 maiestatis
769 1095 911 1161 absoluti
933 1101 1012 1160 sunt
1025 1116 1096 1181 per·

188 1201 299 1283 multi,
323 1199 444 1285 quibus
471 1200 636 1265 damnatis
662 1200 703 1265 de
728 1201 878 1284 pecuniis
904 1201 1103 1286 repetundis,

187 1306 264 1372 lites
287 1306 468 1371 maiestatis
491 1312 602 1371 essent
624 1306 828 1388 aestimatae,
843 1312 877 1371 et
897 1306 965 1371 hoe
975 1306 1095 1371 cotidie

180 1412 261 1491 ,fieri
274 1412 437 1493 videmus,
451 1417 493 1477 ut
513 1432 571 1477 reo
593 1411 751 1477 damnato
773 1412 814 1475 de
835 1411 985 1496 pecuniis
1007 1431 1096 1495 repe·

188 1517 314 1600 tundis,
344 1517 387 1582 ad
416 1537 500 1601 quos
527 1516 714 1602 pervenisse
743 1517 899 1602 pecunias
923 1516 960 1581 in
982 1516 1096 1581 litibus

189 1623 402 1697 aestimandis
424 1628 590 1687 statutum
611 1621 665 1704 sit,
689 1622 822 1689 eosdem
844 1622 972 1687 iudices
993 1621 1096 1687 absol-

188 1736 287 1795 vant:
311 1730 401 1814 qnod
420 1750 526 1814 quum
547 1728 599 1812 fit,
613 1750 682 1795 non
703 1730 830 1796 iudicia
850 1730 1096 1811 rescinduntur,

103 1922 107 1927 .
187 1838 249 1908 sed
269 1838 335 1912 hoe
354 1838 522 1918 statuitur,
536 1837 801 1904 aestimationem
817 1837 931 1903 litium
945 1859 1014 1903 non
1028 1858 1097 1902 essa

188 1943 363 2009 iudicium.
410 1941 566 2009 Scaevola
582 1942 822 2009 eondemnatus
837 1950 887 2009 est
902 1943 975 2008 aliis
990 1944 1098 2009 orimi-

189 2050 299 2131 nibus,
327 2048 600 2133 frequentissimis
629 2048 773 2134 Apuliae
803 2050 953 2115 testibus.
1000 2049 1098 2113 Omni

190 2156 400 2221 contentione
425 2161 610 2241 pugnatum
639 2162 702 2238 est,
727 2154 779 2221 uti
808 2156 850 2220 lis
874 2156 957 2221 haee
983 2157 1098 2240 cupitis

190 2250 431 2326 aestimaretur.
478 2261 571 2340 Quae
597 2283 651 2327 res
667 2261 709 2327 'si
739 2261 940 2327 reiudieatae
970 2261 1099 2346 pondus

189 2368 370 2449 habuisset,
385 2367 443 2432 ille
464 2374 578 2452 postea
591 2368 646 2433 vel
666 2368 786 2433 iisdem
799 2368 852 2433 vel
868 2368 941 2432 aliis
954 2367 1099 2433 inimicis

191 2479 269 2539 'reus
283 2474 345 2538 hae
359 2472 433 2557 lege
446 2474 519 2557 ipsa
532 2473 641 2539 faetus
655 2479 751 2539 esset.
1119 2558 1121 2563 Ι

235 2578 345 2643 XLII.
391 2577 467 2644 117.
492 2577 652 2663 Sequitur
677 2579 725 2661 id,
749 2579 839 2663 quod
864 2578 914 2643 illi
937 2578 1100 2644 iudicium

192 2686 369 2771 appellant,
384 2686 525 2751 maiores
539 2692 654 2753 autam
673 2686 778 2751 nostri
792 2706 977 2770 numquam
992 2706 1099 2771 neque

191 2792 354 2857 iudicium
368 2795 586 2857 nominarunt
607 2812 717 2877 neque
741 2794 877 2878 proinde
899 2798 939 2857 ut
962 2814 1033 2858 rem
1051 2794 1100 2857 iu·

193 2898 335 2963 dicatam
371 2898 600 2980 observarunt,
641 2881 958 2965 animadversionem
1001 2906 1100 2982 etque

192 3003 424 3069 auctoritatem
447 3004 640 3079 censoriam.
688 3003 763 3082 Qua
785 3005 826 3070 da
848 3026 884 3069 re
907 3011 1100 3086 antequam

193 3108 300 3175 dicere
315 3108 447 3193 ineipio,
458 3130 624 3194 perpauca
637 3110 721 3175 mihi
738 3110 777 3175 de
792 3126 866 3174 meo
881 3108 987 3172 officio
1001 3109 1101 3172 verba

191 3214 348 3279 faeiunda
374 3222 464 3296 sunt,
486 3222 527 3281 ut
552 3236 574 3281 a
594 3238 649 3281 me
671 3236 777 3301 quum
802 3215 940 3279 huiusce
962 3214 1101 3297 periculi

192 3327 266 3386 tum
288 3326 495 3386 caeterorum
516 3343 648 3407 quoque
675 3321 858 3387 officiorum
884 3326 918 3385 et
944 3320 1100 3384 amicitia

191 3448 269 3491 rum
290 3427 375 3493 ratio
398 3435 591 3494 conservata
612 3448 683 3493 esse
704 3427 867 3492 videatur.
913 3426 946 3491 N
947 3447 1001 3491 am
1019 3426 1101 3490 mihi

105 3624 109 3628 .
191 3552 270 3601 oum
283 3534 362 3599 viris
377 3534 529 3617 fortibus,
544 3536 603 3620 qui
625 3553 774 3600 censores
788 3534 938 3618 proximo
952 3533 1101 3616 suerunt,
