2667 4034
242 260 283 320 74
470 272 535 338 rao
556 272 587 315 r.
608 270 772 332 oroanrro
795 272 928 316 omaro.

240 443 303 510 tui.
350 442 416 508 Sed
438 448 527 508 errat
548 441 770 522 vehementer,
794 439 821 504 si
843 440 917 524 quis
940 441 977 505 in
999 441 1154 506 orationi-

241 550 303 615 bus
332 550 463 631 nostris,
490 569 573 632 quas
601 549 638 612 in
663 547 794 618 iudiciis
823 547 1012 628 habuimus,
1040 553 1153 613 aucto-

242 657 355 720 ritates
377 662 506 720 nostras
529 654 737 737 consignatas
761 673 794 718 se
813 653 935 717 habere
958 653 1150 717 arbitratur.

242 763 363 827 Omnes
386 762 476 826 enim
498 760 575 824 illae
595 779 772 824 causarum
794 778 833 822 ao
851 765 1039 843 temporum
1061 765 1152 840 sunt,

182 927 185 930 ,
241 890 309 932 non
332 867 506 931 hominum
528 866 675 950 ipsorum
698 871 757 929 aut
780 872 1005 950 patronorum.
1063 863 1152 928 Nam

242 976 269 1037 si
292 994 410 1038 causae
427 973 516 1057 ipsae
538 994 598 1057 pro
614 993 649 1036 se
669 971 761 1054 loqui
783 978 926 1057 possent,
941 993 1038 1036 nemo
1061 971 1153 1035 adhi-

215 1075 334 1145 'bcrct
356 1087 530 1143 oratorem.
576 1077 676 1142 Nunc
702 1078 908 1158 adhibemur,
934 1083 974 1141 ut
1000 1098 1039 1141 ea
1065 1077 1152 1141 dica·
1246 1101 1252 1110 ·

241 1167 328 1266 mus,
349 1207 415 1250 non
436 1205 520 1268 quae
543 1191 656 1249 nostra
676 1183 873 1248 auctoritate
893 1184 1151 1264 constituantur,

243 1291 300 1356 sed
324 1312 408 1374 quae
436 1311 477 1354 cx
503 1311 538 1354 ro
564 1289 635 1373 ipsa
661 1309 825 1371 causaque
853 1289 1028 1351 ducantur.
1074 1288 1150 1352 140.

242 1397 422 1462 Hominem
443 1397 662 1480 ingeniosum,
682 1393 727 1458 M.
743 1394 947 1475 Antonium,
963 1395 1057 1457 aiunt
1080 1394 1153 1458 soli-

169 1530 173 1537 ·
242 1511 315 1569 tum
338 1524 407 1567 osse
430 1504 538 1567 dicere
558 1502 684 1566 idcirco
708 1523 743 1565 sc
760 1503 884 1565 nnllam
906 1522 1056 1580 amquam
1079 1522 1152 1564 ora

242 1610 361 1672 tionem
383 1608 568 1687 scrtbsisse,
582 1614 631 1687 at,
646 1607 678 1670 si
701 1605 781 1686 qaid
799 1605 976 1686 aliqdaado
990 1627 1151 1685 conopas

243 1721 330 1775 essct
354 1713 395 1775 ab
418 1733 453 1774 se
477 1733 548 1775 esse
573 1712 707 1792 dictam,
721 1719 836 1792 posset
857 1732 981 1794 negare
1003 1712 1150 1774 dixisse:

243 1817 378 1901 proinde
402 1817 495 1900 quasi
518 1818 546 1879 si
568 1817 649 1900 quid
664 1838 685 1881 a
698 1818 792 1882 nobis
811 1818 938 1880 dictum
959 1824 1018 1880 aut
1038 1825 1152 1880 actum
1228 1887 1231 1890 ,

243 1924 296 2003 sit,
323 1922 358 1985 id
387 1922 451 1985 nisi
477 1922 596 1986 litteris
622 1923 860 2003 mandarimus
886 1923 1059 1987 hominum
1085 1943 1151 1986 me

242 2029 347 2093 moria
376 2050 443 2092 non
469 2029 777 2112 comprehendatur.
824 2028 881 2092 LI.
906 2028 976 2112 Ego
1007 2048 1085 2092 voro
1115 2028 1152 2092 in

243 2136 306 2200 isto
324 2156 443 2218 genere
461 2134 618 2199 libentius
635 2155 741 2217 quum
760 2134 946 2199 multorum
960 2139 1034 2197 tum
1048 2135 1152 2197 homi-

161 2249 172 2262 '
242 2242 294 2305 nis
310 2240 567 2323 eloquentissimi
582 2246 616 2304 et
630 2239 873 2321 sapientissimi,
885 2238 923 2302 L.
942 2239 1061 2320 Crassi,
1074 2260 1151 2304 auo.

243 2347 560 2431 toritatemsequor,
576 2345 634 2427 qui
654 2365 760 2426 quum
777 2345 837 2409 On.
859 2345 1023 2409 Plancum
1043 2331 1152 2410 delen-
1235 2357 1237 2366 ’

244 2452 347 2533 deret,
374 2458 549 2515 accusante
577 2449 623 2513 M.
651 2449 769 2531 Bruto,
792 2451 924 2516 homine
950 2436 1151 2516 indicendo

242 2558 429 2621 vehementi
451 2563 486 2621 et
508 2556 638 2637 callido,
653 2578 759 2640 quum
777 2556 903 2620 Brutus
924 2557 1051 2621 duobus
1071 2557 1152 2622 reci-

243 2663 404 2725 tatoribus
426 2649 611 2725 constitutis
634 2683 677 2726 ex
704 2663 833 2726 duabus
854 2663 926 2726 eius
948 2663 1150 2727 orationibus

243 2766 351 2848 capita
371 2765 499 2829 alterna
520 2767 608 2831 inter
623 2757 838 2833 se'contraria
857 2768 1028 2833 recitanda
1042 2789 1151 2832 curas·
1214 2761 1216 2766 ’

243 2877 303 2952 set,
330 2870 418 2954 quod
447 2871 483 2934 in
514 2873 714 2938 dissuasione
745 2857 922 2957 rogationis
952 2875 1039 2955 eiua,
1064 2895 1150 2957 quae

243 2983 359 3042 contra
380 2977 543 3041 coloniam
566 2976 815 3043 Narbonensem
839 2965 1018 3062 ¹ferebatur,
1048 3001 1151 3062 quan-

242 3090 317 3148 tum
342 3071 460 3168 potest,
487 3083 527 3148 de
554 3086 749 3150 auctoritate
779 3072 912 3151 senatus
937 3069 1090 3166 detrahit,
1113 3087 1150 3150 in

243 3190 394 3253 suasione
419 3189 501 3272 legis
526 3189 682 3254 Serviliae
710 3193 846 3256 summis
877 3198 972 3256 ornat
998 3199 1150 3256 senatum

242 3291 408 3373 laudibus,
424 3300 458 3356 ot
477 3286 584 3358 multa
601 3296 637 3359 in
654 3297 780 3379 equites
801 3297 966 3362 Romanos
984 3279 1090 3380 quum
1107 3318 1149 3361 ex

244 3414 284 3456 ea
305 3397 451 3465 oratione
473 3400 619 3480 asperius
643 3401 731 3463 dicta
752 3403 930 3483 recitasset,
957 3423 1023 3484 quo
1048 3403 1149 3466 animi

243 3490 377 3597 illorum
398 3499 547 3565 iudicum
569 3503 605 3566 in
628 3503 784 3568 Crassum
806 3507 1072 3590 incenderentur,
1094 3509 1149 3571 ali·
1249 3493 1253 3499 ¹
