2667 4034
391 314 463 366 ear.
483 324 728 366 xxva-xxva.
769 308 940 375 §iio-it.
1076 308 1114 365 39

208 500 265 559 stu
294 494 469 559 iudiciario
497 498 621 577 pastus,
647 494 706 577 qui
736 494 787 557 illi
816 494 988 577 pecuniae,
1015 514 1117 578 quam

209 600 414 680 condiderat,
430 620 486 683 spe
500 600 569 663 iam
590 607 690 682 atque
712 600 821 664 animo
843 600 1027 681 incubaret,
1043 621 1116 664 eon-

209 706 314 769 trahit
338 706 763 771 frontem—rccordamini
784 704 902 770 faeiem
924 714 1023 789 atque
1044 707 1117 769 illos
1138 734 1141 741 ·

209 811 282 875 cius
310 810 405 876 fictos
435 811 671 894 simulatosque
700 811 878 893 vultus—,
901 812 1054 896 queritur
1083 832 1117 875 se

210 916 252 982 ab
274 916 454 1001 Oppianico
476 917 685 997 destitutum,
709 924 754 998 ct,
776 918 834 1001 qui
857 923 942 982 esset
963 925 1052 982 totus
1075 939 1117 982 ex

210 1022 328 1087 fraude
351 1029 386 1088 et
404 1018 578 1088 mendacio
597 1022 705 1087 factus
725 1024 847 1107 quique
869 1044 908 1089 ea
925 1024 1016 1106 vitia,
1033 1044 1118 1108 queo

211 1149 233 1193 a
260 1134 383 1194 natura
410 1130 563 1211 habebat,
589 1130 702 1207 etiam
718 1130 828 1195 studio
854 1138 952 1215 atque
979 1130 1118 1196 artifieio

209 1235 358 1319 quodam
389 1235 536 1300 malitiae
564 1235 774 1316 condivisset,
804 1236 918 1320 pulcre
949 1237 1119 1300 adseverat

212 1362 282 1407 sese
309 1342 350 1405 ab
373 1341 552 1426 Oppianico
577 1342 788 1422 destitutum,
812 1349 911 1425 atque
938 1342 1000 1405 hoe
1027 1341 1119 1404 addit

212 1448 405 1528 testimonii,
435 1468 498 1512 sua
531 1447 630 1511 illum
666 1448 841 1528 sententia,
872 1468 978 1531 quum
1009 1446 1120 1531 palam

211 1575 327 1619 omues
348 1554 452 1619 laturi
473 1561 593 1634 essent,
612 1553 869 1617 condemnatum
890 1554 942 1617 iri.

257 1659 409 1725 XXVII.
456 1659 510 1726 73.
534 1659 687 1723 Munerat
702 1680 808 1723 sermo
823 1660 857 1723 in
874 1660 1008 1725 consilio
1023 1680 1119 1744 pecu-

213 1767 288 1831 niae
318 1767 498 1850 quamdam
534 1754 744 1831 mentionem¹
772 1766 859 1830 inter
894 1767 1020 1831 iudices
1050 1786 1119 1831 esse

213 1880 387 1939 versatam.
434 1872 501 1937 Res
522 1893 630 1956 neque
650 1880 720 1936 tam
740 1873 849 1937 suerat
868 1874 999 1939 occulta
1018 1894 1120 1957 quam

214 1987 287 2045 erat
307 1979 506 2045 occultanda
524 1999 632 2063 nequo
652 1987 722 2044 tarn
742 1987 814 2045 erat
829 1987 941 2065 aperta
956 2002 1056 2064 quam
1071 1980 1124 2044 rei

214 2073 365 2169 publicae
385 2106 486 2151 causa
505 2086 692 2170 aperienda.
739 2085 780 2149 In
803 2106 842 2149 ea
862 2087 1060 2150 obscuritate
1082 2106 1119 2149 ae

214 2191 422 2257 dubitatione
436 2192 587 2256 omnium
603 2191 782 2272 Cannutio,
793 2192 899 2275 perito
914 2191 1050 2272 homini,
1062 2192 1120 2274 qui

214 2299 359 2381 quodam
383 2299 482 2365 odore
509 2298 702 2383 suspicionis
730 2297 901 2362 Staienum
928 2304 1120 2381 corruptum

214 2424 284 2469 esse
313 2406 468 2470 sensisset
496 2425 604 2489 neque
630 2405 714 2468 dum
738 2424 810 2467 rem
833 2406 1013 2487 perfectam
1038 2404 1122 2466 arbi-

214 2518 371 2592 traretur,
386 2512 513 2596 placuit
527 2518 662 2596 repente
677 2509 908 2594 pronunciari:
932 2508 1119 2574 Dlxeauur.

214 2615 280 2681 Hie
295 2624 369 2681 tum
383 2618 583 2702 Oppianicus
598 2637 665 2681 non
680 2637 802 2700 magno
817 2636 913 2701 opere
928 2617 1118 2701 pertimuit:

214 2743 320 2788 rema
342 2723 476 2790 Staieno
499 2724 680 2809 perfectam
701 2744 771 2789 esse
786 2723 1018 2789 arbitrabatur.
1066 2724 1118 2791 74.

214 2829 255 2893 In
274 2830 451 2895 consilium
470 2839 568 2897 crant
586 2832 667 2895 ituri
687 2830 813 2895 iudices
828 2848 938 2895 xxxa.
985 2831 1121 2897 Senten-

213 2936 268 3000 tiis
291 2954 351 3001 xvt
378 2938 541 3003 absolutio
571 2938 689 3004 confici
715 2944 854 3023 poterat.
902 2938 1121 3020 Quadragena

213 3042 305 3107 milia
319 3066 462 3109 numum
482 3046 518 3111 in
538 3046 686 3129 singulds
706 3044 831 3108 iudices
852 3044 1028 3107 distributa
1043 3049 1121 3105 cuin

102 3203 109 3218 .
213 3169 392 3214 numerum
407 3154 649 3218 sententiarum
663 3150 824 3217 conficere
840 3148 1012 3227 debebant,
1024 3154 1064 3211 ut
1079 3148 1121 3211 ad

213 3256 387 3323 cumulum
415 3283 471 3346 spe
493 3262 658 3326 maiorum
679 3258 903 3345 praemiorum
923 3253 1026 3338 ipsius
1052 3252 1122 3317 Sta·

212 3361 281 3427 iani
296 3371 461 3434 sententia
476 3371 615 3454 septima
635 3368 764 3433 decima
784 3364 964 3428 accederet.
1010 3360 1120 3443 Atque

213 3472 315 3538 etiam
331 3496 411 3541 casu
428 3483 502 3540 tum
519 3475 608 3559 quod
628 3474 714 3538 illud
736 3478 870 3555 repente
891 3475 963 3534 erat
984 3467 1121 3547 factum,

173 3618 174 3621 ¹
214 3580 371 3647 Staienus
385 3582 454 3665 ipse
475 3600 542 3645 non
563 3579 688 3642 aderat.
737 3576 880 3640 Causam
897 3574 1007 3639 nescio
1022 3593 1123 3656 quam
