2667 4034
263 284 303 341 30
485 298 550 341 rao
570 297 603 341 a.
622 297 787 343 cnunnrro
810 296 940 342 enarro.

263 467 481 551 scientiasque
496 466 670 535 eiusmodi
685 466 870 533 facinorum
882 465 1043 552 supplicio
1054 468 1175 553 dignas

262 574 460 660 iudicarent.
498 572 617 658 Itaque
637 573 676 639 0.
698 573 900 653 Fabricium,
915 594 1016 657 quem
1037 582 1175 659 propter

262 679 521 745 familiaritatem
535 679 720 764 Oppianici
755 679 925 743 conscium
956 679 1007 744 illi
1033 680 1174 745 facinori

263 784 362 851 fuisse
382 785 615 866 arbitrabatur,
635 805 732 851 reum
755 786 868 849 statim
883 785 983 851 fecit:
1008 786 1125 871 utique
1140 788 1174 853 ei

262 892 356 957 locus
367 892 496 976 primus
518 890 776 957 constitueretur
798 898 931 975 propter
953 911 1072 957 cauma
1096 914 1174 958 con-

262 998 467 1063 iunctionem
479 997 679 1082 impetravit.
725 995 791 1061 Hic
814 1004 889 1063 tum
910 998 1081 1064 Fabricius
1103 1020 1173 1063 nen

262 1103 412 1169 modoad
421 1123 475 1168 me
485 1104 707 1169 meosvicinos
718 1110 752 1169 et
761 1103 883 1170 amicos
892 1104 1093 1169 Aletrinates
1103 1125 1173 1170 non

262 1210 416 1292 adduxit,
427 1210 485 1275 sed
499 1211 569 1295 ipse
578 1211 620 1275 iis
633 1231 741 1295 neque
756 1210 982 1275 defensoribus
998 1212 1047 1275 uti
1058 1220 1173 1295 postea

262 1337 371 1402 neque
391 1317 620 1383 laudatoribus
641 1317 759 1402 potuit.
806 1315 860 1383 57.
884 1315 970 1383 Rem
985 1317 1075 1383 enim
1088 1318 1172 1383 inte·

262 1446 357 1509 gram
371 1425 513 1491 bominis
528 1444 594 1490 non
609 1424 709 1489 alieni
724 1423 875 1508 quamvis
891 1424 1102 1509 suspiciosam
1118 1423 1172 1489 de-

262 1530 397 1596 fcnderc
418 1531 636 1596 humanitatis
661 1550 732 1595 esse
758 1530 966 1615 putabamus,
989 1529 1171 1595 iudicatam

262 1635 459 1701 labefactare
476 1637 590 1701 conari
609 1636 847 1720 impudentiae.
892 1635 1010 1721 Itaque
1024 1642 1098 1701 tum
1112 1636 1170 1701 ille

262 1742 375 1827 inopia
388 1748 423 1807 et
444 1742 637 1807 necessitate
659 1749 792 1807 coactus
813 1742 850 1807 in
872 1761 972 1807 causa
993 1742 1171 1807 eiusmodi

263 1847 306 1912 ad
322 1847 495 1932 Caepasios
509 1846 627 1913 fratres
641 1847 803 1932 confugit,
818 1848 967 1913 homines
989 1848 1170 1913 industrios

263 1962 364 2039 atque
378 1976 418 2021 eo
431 1956 553 2037 animo,
568 1962 609 2021 ιιι
630 1973 859 2039 quaecumque
880 1954 1010 2019 dicendi
1025 1961 1169 2039 potestas

263 2068 351 2127 esset
362 2062 453 2143 data,
467 2061 504 2127 in
518 2062 642 2128 bonore
657 2068 757 2145 atque
771 2061 807 2125 in
825 2060 983 2127 beneficio
997 2068 1167 2147 ponerent.

262 2167 363 2233 XXI.
387 2167 461 2233 Iam
488 2169 552 2233 boc
579 2186 680 2253 prope
709 2166 913 2251 iniquissime
943 2175 1170 2252 comparatum

263 2281 325 2357 cst,
340 2276 429 2360 qnod
447 2276 484 2339 in
503 2274 625 2339 morbis
640 2275 795 2359 corporis,
809 2281 850 2339 ut
869 2274 1008 2358 quisque
1023 2282 1072 2339 est
1087 2274 1169 2339 diffs

263 2381 419 2463 cillimus,
433 2382 483 2445 ita
498 2381 648 2447 medicus
670 2380 890 2445 nobilissimus
912 2388 1011 2464 atque
1026 2381 1168 2465 optimus

263 2489 447 2571 quaeritur,
461 2488 499 2553 in
523 2486 679 2573 periculis
702 2487 831 2571 capitis,
844 2494 885 2551 ut
904 2506 1055 2572 quaeque
1069 2506 1169 2551 causa

263 2593 458 2657 difficillima
479 2598 541 2674 est,
560 2593 608 2657 ita
631 2592 829 2658 deterrimus
853 2592 1168 2677 obscurissimusque

263 2705 423 2783 patronus
442 2697 629 2763 adhibetur.
674 2698 748 2765 Nisi
772 2698 857 2765 forte
880 2698 943 2763 hoc
966 2718 1084 2763 causae
1107 2708 1167 2780 cst,

263 2804 353 2887 qnod
381 2804 502 2869 medici
530 2805 616 2870 nihil
644 2812 775 2891 praeter
804 2805 994 2887 artificium,
1024 2814 1168 2872 oratores

264 2911 365 2976 ctiam
386 2912 618 2977 anctoritatem
639 2919 805 2996 praestare
825 2912 956 2978 debent.
1002 2911 1057 2977 58.
1081 2911 1167 2977 oin-

262 3025 321 3083 tur
342 3038 430 3099 rens,
445 3018 557 3104 agitur
578 3038 693 3099 cansa,
705 3020 820 3103 parreia
840 3018 948 3084 verbis
970 3024 1116 3100 accusat,
1130 3026 1168 3083 ιιι

263 3125 305 3191 de
341 3146 378 3191 re
410 3125 569 3205 indicata,
606 3124 806 3190 Cannutius.
851 3124 972 3210 incipit
1001 3125 1098 3209 longo
1135 3132 1167 3189 et

151 3289 154 3294 .
262 3232 329 3296 alte
344 3232 448 3318 petito
462 3232 629 3316 prooemio
646 3231 843 3315 respondere
857 3231 962 3296 maior
977 3231 1164 3315 Caepasius.

262 3337 375 3402 Primo
390 3343 516 3401 attente
531 3336 670 3401 auditur
684 3336 756 3401 eins
767 3336 883 3403 oratio.
929 3336 1086 3421 Erigebat
1101 3336 1166 3401 ani·

262 3462 358 3505 mum
382 3442 451 3505 iam
475 3441 655 3507 demissum
685 3448 719 3506 et
741 3462 933 3527 oppressum
957 3444 1163 3529 Oppianicus.

265 3543 439 3610 Gaudebat
459 3546 529 3629 ipso
550 3546 734 3615 Fabricius.
780 3547 856 3613 Non
877 3549 1084 3639 intelligebat
1097 3551 1164 3623 eni,-
