2667 4034
252 306 292 367 48
480 322 544 366 rao
565 324 597 366 s.
617 322 780 367 curenno
800 318 932 365 ossrro.

252 494 374 577 valere,
396 495 518 581 partim
544 495 643 560 etiam
669 513 729 579 pro
753 492 815 557 hoc
841 510 923 572 esse,
945 490 1068 575 partim
1089 508 1160 557 esse

252 602 324 667 eius
347 602 448 683 modi,
470 609 512 666 ut
532 620 640 685 noque
665 598 829 684 appellata
854 617 1015 681 umquam
1035 597 1161 663 iudicis

253 708 320 772 sint
347 728 454 791 neque
480 707 678 772 existimata
725 702 778 767 89.
801 702 868 768 Hic
897 722 958 787 ego
974 703 1090 795 magis
1118 709 1160 769 ut

146 827 150 837 ·
252 813 528 879 cousuetudinem
539 832 677 891 servem,
687 828 789 894 quom
800 808 891 891 quod
902 828 959 874 vos
971 829 1039 875 non
1049 814 1159 875 vestra

252 919 315 983 hoc
329 924 446 1004 sponte
459 918 597 997 faciatis,
608 922 718 1001 petam
732 934 753 979 a
765 913 870 996 vobis,
884 921 925 979 ut
938 934 1003 996 me,
1019 914 1101 981 dum
1116 914 1158 981 de

251 1024 304 1089 his
335 1023 475 1108 singolis
505 1022 637 1106 disputo
666 1020 811 1101 iudiciis,
844 1026 969 1085 attente
1001 1020 1156 1087 audietis.

252 1128 421 1193 XXXIII.
468 1126 714 1203 condemnatus
738 1131 788 1191 est
814 1124 852 1190 0.
881 1125 1012 1209 Iunius,
1037 1126 1097 1210 qui
1126 1126 1158 1192 ei

251 1234 434 1319 quaestioni
448 1232 653 1318 praefuerat:
671 1231 756 1296 adde
767 1232 869 1297 etiam
877 1230 1015 1314 illud‚si
1029 1231 1156 1317 placet:

251 1347 324 1405 tum
347 1345 398 1405 cst
419 1338 669 1419 condemnatus,
694 1358 800 1421 quum
822 1342 908 1402 esset
932 1336 1034 1405 iudex
1060 1356 1161 1421 quao-

252 1445 375 1510 stionis.
420 1444 497 1510 Non
518 1444 616 1509 modo
637 1462 769 1525 causae,
793 1442 850 1509 scd
872 1464 915 1509 no
934 1442 1001 1527 legi
1021 1443 1159 1528 quidem

250 1551 432 1634 quidquam
452 1544 520 1635 per'
532 1550 707 1615 tribunum
721 1549 825 1634 plebis
838 1548 1021 1615 laxamenti
1041 1549 1159 1615 datum

249 1661 310 1721 est.
357 1654 432 1733 Quo
445 1663 591 1741 tempore
610 1654 709 1721 illum
723 1675 744 1720 a
758 1654 950 1740 quaestione
966 1654 1010 1719 ed
1023 1654 1159 1721 nullum

250 1758 343 1824 aliud
365 1760 414 1825 rei
433 1760 584 1845 publicae
598 1781 723 1825 munus
738 1760 859 1825 abduci
872 1758 1007 1845 licebat,¹
1019 1780 1059 1827 eo
1076 1767 1159 1827 tem-

249 1886 328 1951 porc
342 1866 386 1931 ad
400 1867 627 1951 quaestionem
640 1867 713 1953 ipse
725 1866 881 1952 abreptus
895 1872 955 1933 est.
994 1866 1042 1933 At
1055 1888 1159 1951 quam

249 1968 500 2055 quaestionem?
537 1971 665 2039 Vultus
691 1972 788 2039 enim'
806 1973 918 2054 vestri,
940 1972 1078 2054 iudices,
1102 1994 1158 2039 me

249 2078 404 2160 invitant,
418 2085 469 2161 ut,
484 2099 570 2164 quae
591 2079 760 2145 reticenda
780 2084 945 2165 putaram,
966 2078 1069 2145 libeat
1088 2080 1158 2145 iam

248 2182 351 2249 libero
374 2185 494 2251 dicere.
541 2185 594 2251 90.
619 2184 735 2263 Quidi
761 2184 821 2249 illo
844 2184 981 2251 tandem
1005 2185 1157 2270 quaestio

248 2296 309 2355 aut
322 2290 515 2375 disceptatio
525 2297 587 2356 aut
599 2290 764 2355 iudicium
775 2289 865 2356 fuiti
898 2288 1028 2357 Putabo
1042 2290 1154 2355 fuisse.

247 2394 347 2461 Dicat
365 2396 424 2481 qui
441 2397 518 2462 vult
533 2396 630 2463 hodia
645 2386 687 2462 de
700 2396 759 2463 illo
773 2396 896 2482 populo
909 2397 1084 2477 concitato,
1100 2397 1155 2462 cui

247 2509 321 2567 tum
345 2503 469 2588 populo
489 2523 562 2569 mos
586 2509 699 2587 gestus
725 2508 794 2568 est:
817 2522 886 2586 qua
910 2502 952 2569 de
975 2522 1011 2568 re
1036 2501 1156 2569 Iunius

218 2620 225 2631 ·
247 2626 383 2672 causam
405 2608 547 2673 dixerit:
570 2628 815 2694 quemcumque
829 2608 1006 2692 rogaveris,
1021 2606 1084 2675 hoo
1105 2628 1155 2675 re-

247 2712 440 2796 spondebitz
470 2714 560 2797 quod
586 2715 763 2799 pecuniam
788 2714 961 2799 occeperit,
990 2714 1079 2798 quod
1104 2714 1155 2779 in·

245 2824 421 2883 nocentem
438 2819 703 2887 circumvenerit.
748 2820 809 2886 Est
828 2819 915 2886 haee.
928 2820 1050 2905 opinio.
1095 2820 1155 2902 at,

246 2922 274 2987 si
302 2921 353 2988 ita
377 2925 559 3005 essetnec
582 2925 656 3011 lege
682 2931 877 2993 mensotum
905 2926 1065 3011 oportuit,
1087 2946 1155 3011 qua

245 3034 422 3095 accusatur
442 3029 599 3096 Habitus.
642 3032 692 3098 At
713 3032 782 3117 ipse
806 3031 940 3117 calogo
961 3032 1152 3116 quaerebat.

244 3136 373 3203 Paucos
393 3137 464 3202 dies
485 3143 706 3223 exspectasset
730 3136 917 3215 Quinctius.
971 3138 1020 3203 At
1043 3157 1152 3221 nequo

243 3242 393 3326 privatus
411 3263 567 3309 accusare
579 3264 643 3311 nec
657 3243 771 3309 sedate
784 3244 852 3309 iam
865 3242 992 3309 invidie
1010 3242 1150 3309 volebat.
1260 3323 1269 3340 ·

243 3346 374 3411 Videtis
394 3348 498 3430 igitur
519 3349 644 3414 nonin
665 3368 778 3430 causa,
804 3349 861 3414 sed
882 3349 920 3414 in
941 3354 1087 3435 tempore
1112 3368 1153 3415 oc

243 3457 403 3548 potestate
429 3472 520 3535 spem
546 3474 679 3519 omnem
708 3455 907 3519 accusatoris
937 3454 1049 3519 fuisse.
1095 3452 1150 3519 91.

243 3552 404 3619 Mulctom
418 3556 546 3638 petivit.
592 3556 668 3635 Quo
681 3557 754 3641 lege
767 3557 781 3623 1
804 3558 893 3643 quod
908 3560 944 3625 in
958 3560 1067 3643 legem
1082 3581 1150 3626 non
