2667 4034
406 334 478 377 car.
497 309 665 377 inu-xv.
708 320 739 387 ἐς
755 320 880 379 41-44.
1055 324 1093 380 23

142 548 147 555 -
233 507 288 571 43.
311 507 432 590 Atque·
445 513 486 571 ut
507 507 570 571 hoc
592 508 641 571 ita
663 528 732 572 csse
755 508 936 592 perspicere
954 509 1094 593 possitis,

189 632 353 695 exponam
367 611 460 675 vobis
482 612 652 695 Oppianici
674 612 802 676 facinus
822 613 994 679 manifesto
1010 635 1095 678 com-

189 722 323 801 pertum
334 724 433 800 atque
446 718 703 801 deprehensum:
723 739 767 783 ex
778 740 844 801 quo
856 718 955 783 simul
966 726 1095 783 utrum-

190 844 255 906 que
278 830 312 888 et
332 825 412 907 huic
432 844 586 889 accusare
607 831 641 889 et
661 826 712 889 illi
732 826 942 891 condemnari
964 848 1094 892 necesse

189 930 292 993 fuisse
306 930 509 1013 intelligetis.
547 930 626 994 XV.
652 930 820 995 Martiales
831 932 966 1015 quidam
981 930 1095 997 Larini

190 1035 453 1119 appellabantur,
476 1036 619 1099 minate
645 1036 768 1120 punse
794 1036 908 1101 Martis
940 1045 1039 1121 nque
1065 1038 1095 1102 n
1190 1020 1192 1025 ’

191 1142 252 1205 dco
277 1141 443 1205 veteribus
468 1142 630 1227 institutis
658 1142 937 1227 religionibusque
963 1142 1096 1208 Larina-

190 1247 277 1321 tium
308 1246 508 1311 consecrati:
540 1268 684 1331 quorum
713 1268 818 1330 quum
849 1248 926 1311 satis
955 1268 1096 1331 magnus

190 1373 351 1416 numerus
374 1358 470 1433 osset,
486 1374 657 1436 quumque
679 1354 772 1433 item,
787 1360 827 1417 ut
847 1354 881 1416 in
902 1352 1012 1417 Sicilia
1026 1373 1097 1437 per-

189 1457 291 1521 multi
313 1457 450 1522 Venerii
477 1465 567 1540 sunt,
583 1458 628 1522 sic
651 1458 702 1521 illi
723 1456 837 1523 Larini
856 1458 892 1521 in
915 1457 1030 1539 Martis
1052 1459 1097 1523 fa-

175 1563 284 1627 ‘milia
292 1561 703 1649 numerarentur‚repente
713 1563 911 1647 Oppianicus
920 1584 975 1628 eos
985 1584 1097 1628 omnes

191 1668 311 1733 liberes
329 1689 399 1733 esse
422 1670 574 1753 civesque
595 1666 763 1734 Romanos
784 1670 890 1754 eoepit
910 1669 1095 1734 defendere.

193 1773 347 1838 Graviter
360 1775 396 1837 id
407 1775 602 1841 decuriones
612 1775 823 1840 Larinatium
834 1777 1011 1859 cunctique
1026 1795 1098 1841 mu·

191 1880 315 1963 nicipcs
333 1880 497 1945 tulerunt.
522 1880 661 1964 ‚Itaque
685 1882 727 1945 ab
750 1881 874 1946 Habito
898 1881 1097 1966 petiverunt,

164 2050 170 2061 ,
188 1968 233 2051 ἰιι
246 2008 320 2052 eam
336 2008 471 2052 calisam
486 1989 665 2072 susciperet
685 1989 880 2073 publiceque
896 1989 1095 2053 defenderet.

192 2092 339 2157 Habitus
357 2114 463 2176 quum
483 2114 518 2158 se
543 2094 584 2157 ab
603 2094 693 2158 omni
709 2095 780 2159 eius
795 2094 886 2158 modi
900 2095 1036 2176 negocio
1049 2114 1098 2158 re-

191 2199 357 2280 movisset,
372 2204 483 2263 tamen
503 2220 563 2283 pro
582 2199 665 2280 loco,
681 2220 740 2283 pro
758 2199 954 2282 antiquitate
970 2200 1098 2282 generis

192 2304 256 2385 sui,
267 2324 327 2389 pro
343 2325 393 2386 eo,
405 2305 493 2389 quod
508 2326 543 2370 se
557 2327 625 2370 non
640 2306 709 2369 suis
724 2305 914 2386 commodis,
927 2305 984 2369 sed
999 2305 1099 2369 etiam
1188 2298 1192 2303 ’

192 2432 331 2478 suorum
340 2412 548 2496 municipum
559 2419 830 2494 caeterorumque
840 2412 1099 2476 necessariorum

191 2522 311 2580 natum
325 2537 395 2581 essa
415 2517 649 2597 arbitrabatur,
665 2523 776 2581 tantae
792 2516 956 2580 voluntati
970 2517 1100 2581 univer·

84 2643 87 2647 ·
193 2640 306 2683 sorum
329 2618 538 2683 Larinatium
561 2620 677 2685 deesse
698 2619 816 2715 noluit.
862 2618 916 2683 44.
942 2617 1099 2704 Suscepta

192 2744 294 2789 causa
314 2723 520 2808 Romamque
541 2725 651 2789 delata
671 2745 810 2809 magnae
832 2725 950 2790 cotidie
969 2732 1099 2792 eonten-

191 2832 299 2896 ticncs
313 2832 400 2896 inter
410 2831 574 2897 Habitum
588 2839 623 2897 et
634 2832 852 2917 Oppianicum
868 2853 909 2899 ex
924 2835 1098 2916 utriusque

192 2938 302 3002 studio
329 2938 525 3003 defensionis
551 2939 795 3003 excitabantur.
840 2939 921 3003 Erat
946 2940 1015 3024 ipse
1040 2940 1099 3003 im-

192 3044 284 3107 mani
305 3044 487 3127 acerbaque
513 3051 636 3109 natura
657 3046 876 3129 Oppianicus:
904 3045 1099 3109 incendebat

193 3149 265 3212 cius
285 3151 465 3215 amentiam
486 3152 606 3215 infesta
628 3158 727 3235 atque
749 3153 882 3216 inimica
903 3150 971 3215 filio
993 3157 1099 3215 mater

193 3253 319 3319 Habiti.
358 3254 596 3339 Magaiautem
604 3256 1099 3322 illisuainteressearbitraban-

192 3368 250 3423 tur
264 3360 355 3425 hunc
370 3381 506 3427 accusa
520 3362 725 3427 Martialium
741 3362 916 3427 demoveri.
958 3360 1099 3425 Suberat

193 3466 294 3530 etiam
317 3467 383 3531 alia
404 3488 504 3533 causa
520 3469 642 3549 «maior,
657 3489 743 3551 quae
766 3468 935 3551 Oppianici
956 3467 1098 3553 hominis

193 3573 375 3637 avarissimi
405 3580 504 3657 atque
541 3574 749 3637 audacissimi
782 3579 926 3637 mentem
955 3572 1098 3636 maxime
