2667 4034
360 297 432 396 err.
453 340 669 413 murem.
711 338 742 404 §5
760 338 924 395 roo-noo.
1040 338 1096 396 105

190 524 334 605 doceret,
349 523 385 589 in
407 526 561 590 morbum
583 511 718 609 gravem
740 517 1028 608 periculosumque
1050 526 1098 590 in·

117 641 125 714 ⁵.
189 630 271 696 cidit
280 653 293 701 ε,
314 631 351 693 in
365 652 432 714 quo
453 636 566 696 tamen
588 651 656 695 non
678 629 789 693 minus
811 629 851 694 do
872 630 978 714 capite
996 631 1098 696 huius

189 756 291 820 quam
306 736 347 800 de
363 756 424 800 sua
436 735 508 800 vita
521 735 660 800 laborat.
704 733 765 798 On.
778 734 911 800 Tudioii
927 736 1098 817 senatoris,
1183 799 1186 806 .

188 827 253 906 'viii
272 842 387 927 optimi
407 847 442 906 et
455 842 689 923 honestissimi,
704 861 764 925 par
784 842 934 905 studium
954 848 988 906 et
1010 842 1098 906 testi-

190 949 300 1012 monio
315 954 349 1012 et
362 947 784 1038 laudationeeognosoetis.
817 947 943 1012 Eadem
958 969 1025 1032 spe,
1041 949 1099 1014 sed

190 1055 313 1120 maiore
333 1054 535 1120 verecundia
558 1054 599 1120 do
621 1060 668 1136 te,
690 1053 730 1119 P.
749 1053 922 1136 Volumni,
941 1056 1098 1140 quoniam
1160 1046 1165 1057 '

189 1161 292 1226 iudex
303 1181 338 1226 es
348 1161 386 1225 in
394 1161 436 1225 Α.
449 1160 654 1242 Cluentium,
664 1160 816 1225 dicimus
841 1161 897 1242 Et,
906 1181 948 1225 ne
958 1161 1098 1246 longum

190 1266 245 1348 sit,
254 1254 403 1332 omnium
417 1267 604 1334 vicinorum
620 1286 785 1331 summam
799 1286 869 1331 esse
887 1267 924 1330 in
937 1267 1030 1331 huno
1044 1269 1097 1332 be-

108 1380 117 1419 ·‘
188 1372 410 1438 nevolentiam
423 1372 669 1442 confirmamus.
704 1370 780 1436 199.
800 1367 932 1437 Horum
946 1372 1098 1438 omnium

189 1478 351 1560 studium,
362 1449 490 1561 duram,
506 1478 714 1562 diligentiam
732 1497 911 1562 meumque
927 1498 997 1543 una
1010 1477 1098 1544 labo-

188 1585 336 1670 rem,qui
349 1591 455 1649 totam
468 1585 556 1650 hano
568 1604 704 1649 oausam
714 1589 824 1649 vetere
839 1583 993 1648 instituto
1009 1583 1097 1648 solus

188 1690 338 1775 peroravi
352 1696 561 1775 vestramque
577 1689 689 1771 simul,
700 1679 838 1772 iudices,
849 1690 1050 1774 aequitatem
1065 1695 1098 1755 et

133 1875 136 1879 ¹
188 1783 482 1867 mansuetudinem
506 1777 576 1860 una
597 1803 705 1862 mater
725 1800 904 1882 oppugnat.
937 1796 997 1860 ,At
1012 1817 1097 1880 quae

188 1902 318 1968 mater?
337 1902 464 1981 ..Quam
474 1922 607 1968 caecam
622 1895 819 1968 erudelitate
834 1909 868 1968 et
881 1901 1003 1968 scolere
1018 1901 1097 1967 ferri

187 2009 318 2092 videtis,
339 2011 436 2074 cuius
457 2011 675 2096 cupiditatem
696 2009 790 2074 nulla
810 1995 973 2093 umquam
994 1998 1111 2096 turpi-'

188 2115 271 2181 tudo
292 2116 485 2197 retardavit,
502 2135 589 2199 quae
609 2115 699 2179 vitiis
721 2114 881 2179 animi'in
903 2115 1097 2180 deterrimas

92 2304 96 2312 Ι
188 2228 297 2307 partes
319 2223 394 2286 iura
415 2222 590 2287 hominum
612 2221 774 2288 convertit
794 2220 916 2301 omnia,
940 2220 1036 2284 ouius
1058 2241 1098 2286 ea

189 2327 332 2393 stultitia
355 2335 414 2409 est,
436 2333 478 2392 ut
501 2347 576 2393 eam
599 2347 697 2393 nemo
720 2317 900 2408 hominem,
923 2345 964 2390 ea
981 2327 1042 2408 vis,
1057 2333 1098 2391 ut

187 2453 285 2499 nemo
307 2434 477 2516 feminam,
500 2455 540 2500 ea
562 2429 754 2514 crudelitas,
775 2438 815 2496 ut
836 2452 934 2497 nemo
957 2438 1097 2497 matrem

189 2539 353 2625 appellare
370 2541 482 2625 possit.
526 2540 638 2623 Atque
654 2539 755 2604 etiam
773 2539 908 2613 nomina
923 2539 1096 2604 necessitu-

189 2646 391 2728 dinum,n0n
403 2647 511 2710 solum
521 2651 660 2710 naturae
673 2633 794 2711 nomen
806 2651 840 2710 et
850 2645 926 2708 iura
937 2645 1094 2710 mutavit:
1106 2643 1110 2652 '

187 2774 274 2818 uxor
295 2746 419 2836 generi,
443 2771 584 2817 noverea
604 2751 677 2833 filii,
699 2750 788 2817 filiae
809 2751 937 2837 pellex:
969 2772 1008 2816 eo
1024 2737 1097 2816 'iam

188 2858 332 2942 denique
347 2858 494 2922 adducta
507 2852 569 2940 est,
577 2857 630 2921 uti
646 2857 708 2922 sibi
723 2864 853 2950 praeter
861 2857 1003 2923 formam
1013 2858 1097 2922 nihil

187 2964 230 3028 ad
252 2963 505 3028 similitudinem
526 2963 669 3028 hominis
689 2959 875 3029 reservarit.
922 2963 996 3053 200,
1023 2962 1098 3039 Qua

187 3089 234 3151 re,
260 3055 398 3150 iudices,
425 3069 453 3133 si
483 3068 590 3134 scelus
616 3059 743 3151 odistis,
769 3069 939 3153 prohibeto
969 3066 1117 3144 aditum¹

187 3175 303 3239 matris
318 3194 339 3239 a
352 3174 414 3239 filii
429 3175 601 3258 sanguine,
618 3175 694 3239 date
708 3174 839 3260 parenti
852 3170 943 3236 huno
957 3172 1097 3236 inoredi
1144 3205 1148 3212 ·

186 3275 288 3345 bilem
314 3280 462 3346 dolorem
487 3301 529 3346 ex
555 3279 675 3363 saluto,
700 3300 742 3345 ex
765 3278 903 3343 uictoria
930 3277 1095 3343 liberum:

186 3386 339 3472 patimini
354 3393 506 3473 matrem,
520 3408 564 3452 ne
580 3388 695 3454 orbata
713 3385 783 3450 filio
804 3384 960 3465 laetetur,
974 3383 1098 3447 vietam

186 3493 296 3578 potius
311 3499 421 3559 vestra
435 3494 602 3577 aequitate
618 3492 796 3558 discedere.
823 3537 826 3544 -
844 3489 903 3555 Sin
923 3493 1047 3570 autem,
1061 3489 1097 3554 id

186 3600 277 3684 quod
290 3607 402 3667 vestra
423 3606 546 3667 natura
564 3600 722 3686 postulat,
737 3599 909 3686 pudorem,
924 3597 1097 3664 veritatem
