2667 4034
376 309 448 350 cnr.
469 310 699 350 xant-xxiv.
741 296 772 363 ἐξ
796 296 922 354 63-66.
1065 298 1102 355 35

199 498 328 562 semper
357 478 518 561 singulari
547 480 649 543 fuerit
679 481 828 545 audacia.
890 481 997 546 Multa
1026 490 1104 548 sunt
1201 470 1204 477 ⁴

199 584 270 647 eius
294 584 402 648 modi:
425 605 545 648 verum
568 607 674 669 quum
700 586 839 651 habeam
862 608 933 651 rem
956 583 1022 653 non
1045 588 1104 651 du-

197 690 298 769 biam,
314 690 372 753 scd
387 697 535 774 apertam
551 698 650 774 atque
665 693 886 774 manifestam,
898 695 1103 787 enumeratio

199 796 407 878 singulorum
437 805 711 879 argumentorum
740 806 882 864 nonest
908 801 1100 865 necessaria.

199 901 252 965 65.
277 901 359 966 Dico
376 902 413 966 Ο.
430 902 527 967 Aelio
543 902 677 968 Staieno
691 904 794 969 iudici
816 908 992 990 pecuniam
1007 926 1102 989 gran-

198 1010 276 1073 dem
291 1008 435 1073 Statium
457 1010 594 1074 Albium
618 1010 660 1074 ad
687 1013 967 1095 corrumpendum
988 1012 1103 1077 iudici-

196 1138 258 1180 um
273 1116 411 1180 dedisse.
457 1115 551 1181 Num
572 1117 646 1200 quis
667 1116 793 1201 negat?
839 1118 898 1199 Te,
915 1119 1102 1203 Oppianice,

198 1221 345 1305 appello:
369 1227 415 1303 te,
438 1222 479 1285 Τ.
507 1222 609 1286 Acci:
638 1243 782 1305 quorum
808 1225 892 1288 alter
915 1224 1104 1307 eloquentia

198 1312 451 1392 damnationem
465 1329 568 1409 illam,
585 1328 670 1392 alter
689 1329 792 1391 ¹tacita
806 1330 927 1413 pietate
943 1330 1101 1413 deplorat.

197 1433 329 1497 lludete
343 1454 465 1517 negare
482 1434 523 1497 ab
538 1434 718 1517 Oppianico
735 1432 869 1498 Staieno
882 1435 985 1499 iudici
1007 1456 1104 1519 pecu-

196 1540 289 1603 niam
310 1540 440 1604 datam:
464 1546 594 1623 negate,
616 1540 766 1623 inquam,
789 1561 862 1605 meo
884 1540 967 1605 loco.
1015 1540 1103 1619 Quid

198 1644 341 1710 tacetis?
365 1666 407 1710 an
423 1667 544 1729 negare
567 1668 635 1709 non
657 1648 801 1730 potestia
818 1648 907 1731 quod
928 1649 1102 1732 repetistis,

197 1752 288 1835 quod
314 1753 453 1817 confessi
480 1753 568 1833 estis,
584 1753 674 1835 quod
701 1753 889 1817 abstulistis.
936 1754 1010 1831 Quo
1032 1760 1102 1817 tan-

197 1858 274 1922 dein
288 1858 392 1941 igitur
406 1879 462 1923 ore
477 1860 680 1923 mentionem
695 1859 840 1943 corrupti
855 1860 970 1923 iudicii
984 1860 1102 1941 facitis,

198 1987 304 2047 quum
315 1965 357 2027 ab
367 1964 432 2027 ista
446 1971 538 2048 parte
549 1964 653 2031 iudici
667 1966 842 2050 pecuniam
855 1972 932 2029 ante
940 1966 1103 2030 iudicium

198 2071 321 2152 datam,
347 2077 421 2155 post
450 2071 612 2134 iudicium
638 2077 785 2153 creptam
811 2090 880 2134 csse
906 2071 1101 2135 fateamini?

199 2178 251 2241 66.
266 2176 430 2254 Quonam
444 2178 549 2260 igitur
567 2178 649 2241 haec
664 2177 762 2241 modo
785 2183 877 2259 gesta
892 2176 995 2239 sunt?
1041 2176 1103 2241 Re

197 2290 308 2367 petam
334 2284 447 2367 paullo
471 2268 583 2359 altius,
599 2283 736 2362 iudices,
763 2289 796 2346 et
820 2282 942 2362 omnia,
968 2282 1102 2365 quaein

198 2390 359 2453 diuturna
384 2389 584 2454 obscuritate
611 2389 795 2481 latuerunt,
819 2390 864 2451 sic
888 2388 1044 2471 aperiam,
1064 2393 1103 2451 ut

198 2512 245 2561 ea·
264 2518 396 2562 cernere
426 2496 530 2561 oculis
559 2495 750 2559 videamini.
797 2494 878 2575 Vos,
905 2514 1037 2576 quaeso,
1063 2501 1103 2557 ut

199 2602 309 2665 adhuc
334 2622 388 2666 mo
414 2607 540 2665 attente
567 2599 717 2681 audistis,
745 2600 837 2680 item,
864 2620 949 2681 quae
975 2600 1103 2682 reliqua

198 2715 288 2788 sunt,
304 2708 466 2771 audiatis:
489 2706 634 2791 profecto
656 2706 740 2769 nihil
756 2726 775 2769 a
790 2726 843 2769 me
859 2704 998 2794 dicetur,
1014 2706 1102 2789 quod

198 2836 265 2878 non
292 2812 432 2896 dignum
460 2813 523 2877 hoc
550 2819 715 2877 conventu
739 2818 773 2876 et
798 2795 949 2892 silentio,u
964 2812 1100 2895 dignum
1186 2848 1188 2853 ·

198 2919 314 2983 vestris
337 2919 455 2983 studiis
478 2925 577 3001 atque
600 2918 736 2981 auribus
759 2938 829 2982 esse
852 2918 1013 2981 videatur.

241 3024 329 3089 Nam
350 3030 390 3088 ut
411 3025 557 3108 primum
579 3024 777 3108 Oppianicus
801 3044 842 3087 ex
861 3043 908 3100 ec,
924 3022 1013 3103 quod
1030 3021 1102 3084 Sca·

198 3132 337 3195 mandet
361 3150 439 3194 reus
465 3136 536 3195 crat
559 3129 678 3210 factus,
705 3129 786 3212 quid
813 3128 873 3191 sibi
898 3126 1103 3209 impenderet
1224 3178 1226 3183 .

199 3238 306 3321 coepit
331 3238 501 3320 suspicari,
528 3238 641 3300 statim
666 3257 700 3299 se
727 3234 769 3298 ad
795 3232 937 3296 hominis
967 3232 1102 3313 egentis,

199 3344 344 3424 audacis,
358 3343 395 3406 in
410 3342 540 3406 iudiciis
556 3327 811 3424 ¹corrumpendis
832 3337 1015 3417 exercitati,
1030 3342 1104 3401 tum
1218 3398 1228 3404 .

198 3456 312 3513 autem
322 3449 454 3528 iudicis,
466 3448 590 3512 Staieni
601 3446 861 3541 familiaritatem
873 3464 906 3507 sc
919 3442 1102 3526 applicavit.

198 3556 249 3621 Ac
257 3556 404 3641 primum
415 3554 615 3620 Scamandro
624 3574 681 3618 reo
692 3557 825 3617 tantum
836 3551 929 3616 donis
940 3549 1024 3614 datis
1034 3546 1132 3615 niu-⁹
1244 3564 1248 3568 ’
