2667 4034
241 284 261 341 4
473 299 537 342 ruo
559 300 590 341 n.
612 297 775 342 cerauno
798 297 929 341 ουτω.

242 475 366 536 bustam
378 469 392 534 i
404 470 532 536 -Non
555 475 604 533 est
625 470 730 533 nostri
750 468 895 552 ingenii:
919 466 1020 532 vestri
1036 467 1154 530 auxilii

242 582 302 657 est,
317 576 454 656 iudices,
469 576 570 639 huius
584 575 791 639 innocentiae
815 575 860 639 sic
882 574 918 637 in
939 574 1002 637 hac
1022 573 1153 637 calami-

186 696 190 701 “
241 689 314 747 tosa
328 682 417 745 fama
431 681 525 764 quasi
539 681 576 744 in
591 680 703 764 eliqua
723 680 998 765 perniciosissima
1019 679 1154 743 flamma

183 852 191 867 ,
244 795 342 871 atqua
364 788 409 851 -in
439 787 606 851 communi
620 865 622 870 Ι
635 786 791 851 incendio
818 784 1002 849 subvenire.
1049 784 1094 849 II.
1119 784 1151 848 5.

243 896 376 959 Etenim
399 894 484 958 sicut
505 895 576 957 aliis
597 894 632 957 in
654 894 735 958 locis
758 914 877 978 parum
898 886 1097 985 firmamenti
1121 897 1154 955 ct

243 1022 363 1086 parum
375 1000 500 1065 virium
513 1002 634 1064 veritas
649 1000 760 1081 habet,
778 1000 873 1063 sicin
893 999 955 1063 hoc
977 998 1049 1063 loco
1071 998 1154 1061 falsa

243 1108 368 1192 invidia
389 1107 556 1171 imbecilla
571 1126 640 1170 esse
656 1106 763 1171 debet.
810 1104 1010 1169 Dominetur
1028 1104 1065 1167 in
1080 1124 1153 1167 con-

243 1213 401 1294 tionibus,
416 1212 521 1277 iaceat
532 1212 568 1275 in
583 1211 736 1276 iudiciis:
761 1211 870 1275 valeat
887 1211 924 1275 in
947 1210 1153 1295 opinionibus
1252 1268 1266 1289 ,
1306 1246 1307 1253 κ

245 1340 283 1383 ac
306 1319 509 1383 sermonibus
531 1318 772 1402 imperitorum,
788 1316 828 1380 ab
850 1317 991 1400 ingeniis
1013 1316 1154 1401 pruden-

243 1427 331 1491 tium
355 1425 571 1510 repudietur:
595 1424 805 1489 vehementes
827 1423 945 1487 habeat
967 1422 1154 1507 repentinos

245 1532 400 1615 impetus,
414 1532 517 1613 spatio
532 1530 724 1613 interposito
740 1536 773 1593 et
788 1550 888 1593 causa
899 1529 1032 1612 cognita
1047 1548 1155 1593 conse·

245 1640 368 1699 nescat.
414 1634 565 1718 Denique
587 1634 646 1698 illa
662 1634 808 1699 definitio
822 1635 1023 1705 iudiciorum
1037 1655 1155 1718 aequo

245 1762 333 1822 rum,
349 1760 433 1823 quac
453 1740 546 1804 nobis
562 1740 774 1805 amaioribus
797 1741 920 1805 tradita
942 1747 1001 1822 est,
1017 1742 1155 1819 retinea-

245 1852 313 1926 tur,
328 1847 418 1910 utin
432 1846 564 1911 iudiciis
580 1852 614 1911 et
633 1847 703 1911 sine
725 1847 852 1910 invidia
874 1847 973 1931 culpa
992 1847 1155 1931 plectatur

246 1958 280 2016 et
295 1952 364 2017 sino
380 1952 479 2036 culpa
492 1952 619 2016 invidia
633 1959 786 2037 ponatur.
834 1953 863 2016 6.
888 1953 997 2029 Quam
1018 1954 1059 2016 ob
1083 1974 1154 2017 rem

151 2068 154 2074 '
246 2057 382 2139 avobis,
397 2058 535 2139 iudices,
551 2064 627 2123 ante
650 2078 752 2142 quam
774 2059 814 2123 de
836 2058 907 2142 ipsa
928 2078 1026 2123 causa
1044 2059 1154 2123 dicere

245 2164 377 2249 incipio,
392 2165 473 2230 haec
495 2165 648 2249 postulo:
673 2165 818 2249 primum
833 2164 880 2246 id,
895 2162 985 2248 quod
1000 2166 1154 2248 aequissi-

244 2293 339 2335 mum
359 2281 419 2351 est,
434 2276 474 2335 ut
493 2291 536 2335 ne
556 2271 637 2353 quid
658 2271 726 2334 huc
746 2271 963 2355 praeiudicati
986 2270 1151 2335 adferatis.

245 2376 378 2442 Etenim
392 2399 460 2443 non
474 2377 573 2442 modo
588 2377 830 2458 auctoritatem,
847 2377 903 2441 sed
919 2377 1019 2441 etiam
1033 2378 1153 2441 nomen

232 2484 395 2548 ‘iudicum
410 2485 612 2569 amittemus,
628 2483 692 2548 nisi
707 2483 761 2547 hic
776 2503 818 2547 cx
838 2483 917 2567 ipsis
940 2485 1046 2547 causis
1069 2484 1154 2547 iudi-

245 2590 393 2652 cabimus
409 2610 446 2653 ac
463 2590 489 2653 si
511 2590 553 2652 ad
576 2609 690 2652 causas
712 2590 837 2653 iudicia
858 2590 925 2654 iam
947 2588 1034 2654 facta
1057 2590 1153 2675 domo

246 2694 440 2758 deferemus.
486 2694 614 2758 Deinde
638 2695 664 2758 si
688 2716 787 2779 quam
803 2696 989 2779 opinionem
1002 2696 1071 2759 iam
1085 2716 1154 2759 ves-

236 2785 305 2863 tris
327 2801 493 2864 mentibus
516 2802 818 2885 comprehendistis,
836 2800 862 2865 si
878 2798 951 2866 e'am
973 2803 1057 2867 ratio
1080 2824 1154 2870 con.

243 2906 354 2988 vellet,
380 2907 407 2971 si
433 2908 537 2971 oratio
565 2906 785 2989 labefactabit,
813 2908 840 2971 si
868 2910 1009 2993 denique
1032 2910 1153 2973 veritas

244 3014 463 3097 extorquebit,
479 3035 521 3078 ne
541 3014 733 3098 repugnetis
751 3034 888 3097 eamque
905 3006 1022 3078 animis
1036 3017 1153 3079 vestris
1190 3058 1195 3068 ·

245 3126 304 3183 aut
317 3118 496 3206 libentibus
507 3126 567 3183 aut
578 3119 690 3202 aequis
701 3120 896 3203 remittatis..
925 3119 1013 3183 Tum
1028 3127 1152 3201 eutem,

152 3308 156 3315 Ι
244 3245 350 3306 quum
365 3246 425 3307 ego
439 3213 514 3289 una
524 3246 655 3310 quaque
671 3225 711 3289 de
727 3246 762 3289 re
778 3226 887 3290 dicam
902 3223 935 3290 c't
955 3226 1093 3307 diluam,
1109 3248 1152 3290 no

220 3325 226 3334 ’
243 3330 316 3411 ipsi,
328 3318 412 3412 quae
440 3332 603 3394 contraria
624 3331 701 3411 sint,
716 3332 808 3394 taciti
824 3332 1014 3413 cogitationi
1022 3321 1151 3397 restrae

244 3436 435 3515 subiiciatis,
463 3436 521 3499 sed
543 3436 586 3498 cd
608 3442 793 3500 extremum
816 3436 1009 3520 exspectetis
1032 3459 1150 3521 meque

243 3556 356 3600 mcum
372 3540 501 3603 dicendi
517 3540 666 3603 ordincm
682 3541 810 3604 servaro
830 3542 1019 3623 patiamini:
1045 3566 1152 3625 quum
