2667 4034
382 321 453 387 our.
474 319 637 362 mam
678 304 709 371 tt
726 302 890 360 163-167.
1049 305 1087 362 89

183 491 217 552 et
231 487 412 551 familiaris.
457 485 558 571 Apud
582 487 672 551 hunc
694 485 750 551 ille
770 485 895 551 Romae
916 486 1088 569 habitavit,

182 593 270 676 apud
285 594 377 658 hunc
399 593 592 676 aegrotavit,
614 593 715 657 huius
738 592 828 657 domi
852 598 901 658 est
925 601 1086 658 mortuus.

181 697 382 763 Intestatum
404 699 477 764 dico
500 719 569 764 esse
582 709 766 763 mortuum
790 699 1088 783 possessionemque

183 803 255 867 eius
280 804 455 883 bonorum,
478 824 521 870 ex
551 803 658 868 edicto
687 803 859 888 praetoris,
882 804 974 886 huie,
998 804 1088 869 illius

183 908 300 972 sororis
314 907 395 990 filio,
408 909 606 974 adolescenti
621 907 859 994 pudentissimo
874 916 907 975 et
925 910 960 976 in
975 911 1088 995 primis

182 1014 331 1096 honesto,
340 1016 444 1098 equiti
458 1014 608 1080 Romano
620 1014 910 1096 datam,Numerio
922 1015 1087 1100 Cluentio,

139 1147 142 1152 ·
183 1139 284 1202 quem
297 1119 427 1186 videtis.

227 1222 302 1289 166.
329 1225 484 1291 Alterum
498 1226 647 1292 veneficii
669 1227 794 1292 crimen
816 1227 994 1312 Oppianico
1008 1229 1088 1294 huic

182 1329 393 1413 adolescenti,
408 1353 513 1416 quum
539 1333 610 1398 eius
632 1333 669 1397 in
689 1333 814 1416 nuptiis
836 1353 928 1398 more
954 1332 1088 1398 Larina-

181 1436 269 1500 tium
297 1437 478 1502 multitudo
507 1440 682 1504 hominum
710 1438 897 1524 pranderet,
921 1459 1088 1505 venenum

181 1539 299 1605 Habiti
326 1543 462 1608 consilio
487 1551 659 1628 paratum:
698 1545 734 1609 id
759 1566 865 1629 quum
891 1545 1027 1609 daretur
1050 1546 1087 1610 in

181 1647 302 1729 mulso,
331 1648 530 1720 Balbucium
558 1651 747 1734 quemdam,
778 1651 849 1716 eius
880 1651 1087 1734 familiarem,
1145 1701 1148 1708 .

181 1752 403 1838 intercepisse,
436 1755 554 1821 bibisse
589 1757 765 1840 statimque
800 1777 870 1822 esse
904 1763 1085 1824 mortuum.

181 1857 258 1924 Hoc
283 1880 343 1943 ego
366 1860 394 1924 si
418 1860 463 1925 sic
490 1881 633 1945 agerem,
659 1869 830 1947 tamquam
855 1864 936 1928 mihi
962 1865 1087 1929 crimen

182 1972 268 2032 esset
288 1966 494 2050 diluendum,
516 1970 598 2035 haee
623 1970 774 2054 pluribus
799 1971 906 2035 verbis
932 1972 1086 2053 dicerem,

181 2094 241 2158 per
255 2094 339 2157 quae
354 2095 444 2140 nunc
459 2077 572 2160 paneis
587 2077 752 2160 percurrit
766 2078 871 2141 oratio
886 2096 969 2141 mea.
1009 2077 1084 2142 167.

183 2168 273 2256 Quid
292 2201 453 2264 umquam
466 2181 610 2246 Habitus
625 2182 660 2246 in
676 2201 710 2246 se
726 2182 870 2261 admisit,
885 2187 925 2245 ut
939 2182 1001 2246 hoc
1016 2188 1086 2246 tan-

181 2290 257 2350 tum
271 2286 312 2349 ab
327 2305 365 2352 eo
380 2287 509 2352 facinus
527 2308 594 2352 non
616 2288 792 2353 abhorrere
807 2285 982 2352 videatur?
1005 2286 1087 2370 quid
1146 2372 1151 2378 ι

182 2397 296 2456 autom
309 2412 430 2476 magno
446 2413 542 2477 opere
558 2393 776 2478 Oppianicum
790 2394 969 2473 metuebat,
981 2414 1087 2476 quum

181 2495 239 2560 ille
261 2498 400 2561 verbum
426 2499 560 2563 omnino
586 2499 622 2563 in
646 2499 709 2564 hac
735 2499 805 2583 ipsa
831 2518 930 2564 cansa
954 2499 1086 2562 nullum

181 2601 288 2666 facere
302 2602 458 2686 potuerit,
473 2603 553 2669 huie
575 2609 690 2669 autem
711 2610 916 2669 accusatores
930 2605 1005 2668 riva
1019 2625 1087 2668 ma-

181 2711 233 2772 tre
249 2708 359 2773 deesse
374 2729 441 2773 non
456 2708 603 2793 possint?
630 2710 666 2773 id
686 2709 775 2793 quod
794 2710 861 2776 iam
882 2711 1084 2795 intelligetis.

181 2813 237 2877 An
251 2821 292 2878 ut
307 2814 347 2879 de
363 2835 463 2879 causa
484 2816 555 2880 eius
577 2816 715 2900 periculi
739 2817 822 2881 nihil
845 2817 1028 2900 decederet,
1043 2818 1086 2883 ad

182 2939 316 2984 causam
331 2941 455 2985 novum
475 2921 600 2987 crimen
622 2921 815 2988 accederet?
862 2923 959 3002 Quod
974 2930 1086 2988 autem

181 3030 312 3108 tempus
326 3025 446 3091 veneni
460 3026 561 3090 dandi
575 3027 633 3092 illo
648 3027 725 3093 die?
752 3028 789 3093 in
803 3029 862 3093 illa
876 3027 1084 3112 frequentia?

180 3150 359 3214 perquem
379 3152 476 3216 porro
499 3132 640 3197 datum?
667 3134 756 3199 undo
780 3132 973 3217 sumptum?
1001 3154 1087 3216 quae

181 3235 301 3300 deinde
326 3237 518 3322 interceptio
543 3238 680 3322 poculi?
715 3258 776 3303 cur
799 3258 866 3302 non
891 3238 932 3302 de
957 3237 1086 3321 integro

180 3347 294 3406 autem
309 3342 449 3407 datum?
495 3343 603 3408 Multa
625 3350 715 3424 sunt,
731 3363 817 3426 quae
840 3342 905 3408 dici
929 3348 1084 3428 possunt:

181 3446 238 3512 sed
262 3467 329 3512 non
353 3448 558 3514 committam
584 3455 623 3514 ut
645 3449 759 3514 videar
782 3469 850 3514 nen
872 3449 1087 3514 dicendove

178 3552 281 3620 luisse
307 3553 436 3621 dicere:
471 3574 524 3619 res
552 3555 643 3621 enim
674 3554 741 3620 iam
771 3575 805 3621 se
835 3554 905 3639 ipsa
928 3554 1084 3621 defendit.

485 3659 533 3724 8!
