2667 4034
227 295 266 351 86
286 281 291 286 ⁴
452 307 516 346 rno
539 306 569 346 A.
592 305 755 348 onunnmo
779 305 908 347 enarro.

226 496 344 541 verum
359 477 460 541 etiam
473 475 574 541 fidem
588 476 737 540 habitam
752 496 820 540 esse
836 476 1041 541 meminisse:
1064 497 1136 561 pos
1156 457 1159 463 ¹

227 603 262 647 sc
277 603 376 666 quem
399 581 505 647 oderit
527 581 706 662 absolvere,
723 601 823 666 quem
844 603 911 646 non
935 582 1042 646 oderit
1060 585 1136 645 con-

228 688 396 767 demnare,
411 693 445 751 et
467 707 595 771 semper
612 708 680 750 non
695 687 777 770 quid
791 687 859 771 ipse
874 687 965 769 velit,
981 687 1038 751 sed
1054 686 1136 770 quid

227 794 283 856 lex
298 800 332 857 et
345 792 461 880 religio
483 799 580 876 cogat
600 793 764 875 cogitare:
792 792 1052 856 animadvertere
1069 813 1137 876 qua

227 899 300 982 lego
324 920 401 962 reus
423 899 556 978 citetur,
572 899 614 962 de
628 920 695 982 quo
711 919 767 962 reo
777 903 967 981 eognoscat,
983 919 1068 981 quae
1083 918 1136 962 res

227 1005 263 1068 in
277 1005 468 1088 quaestione
479 1011 640 1069 versetur.
676 1003 790 1081 Quum
803 1005 885 1068 haee
900 1011 978 1096 sunt
992 1005 1136 1068 videnda
1148 1067 1150 1070 .

227 1117 302 1175 tum
315 1131 394 1175 vero
408 1110 494 1173 illud
509 1116 559 1174 est
575 1110 719 1174 hominis
743 1109 868 1193 magni,
883 1110 1020 1190 iudiceS,
1036 1116 1135 1192 atqua

229 1216 395 1300 sapientis,
418 1237 525 1299 quum
544 1215 639 1279 illam
663 1199 835 1279 iudicandi
857 1235 957 1279 causa
978 1214 1136 1279 tabellam

228 1324 415 1406 sumpserit,
429 1343 497 1387 non
512 1344 546 1386 se
561 1329 716 1406 reputare
732 1322 840 1387 solum
855 1342 924 1386 esse
944 1329 1051 1405 neque
1075 1323 1136 1386 sibi

228 1429 460 1512 quodcumque
490 1427 694 1512 concupierit
723 1428 834 1509 licere,
865 1428 921 1492 sed
951 1429 1071 1492 habero
1100 1427 1137 1490 in

228 1526 365 1598 consilio
394 1534 513 1616 legem,
540 1534 745 1617 religionem,
775 1534 987 1616 aequitatem,
1014 1533 1133 1597 fidem:

228 1639 399 1702 libidinem
414 1646 538 1719 autem,
554 1639 680 1719 odium,
701 1639 873 1720 invidiam,
895 1646 1023 1703 metum
1046 1640 1136 1722 cupi-

229 1745 412 1827 ditatesque
428 1746 540 1809 omnes
563 1765 715 1810 amovere
737 1745 940 1829 maximique
964 1745 1136 1809 aestimare

229 1851 462 1914 conscientiam
473 1851 593 1915 mentis
609 1871 701 1931 suae,
711 1872 811 1934 quam
827 1837 930 1915 abdis
944 1851 1136 1916 immortali-

227 1956 290 2019 bus
312 1957 509 2040 accepimus,
524 1977 610 2039 quae
630 1977 650 2021 a
672 1958 765 2021 nobis
788 1958 901 2022 divelli
922 1979 989 2023 nou
1012 1964 1133 2042 potest:

229 2083 313 2145 quae
337 2063 365 2125 si
387 2064 587 2149 optimorum
611 2063 823 2128 consiliorum
847 2073 946 2146 atque
973 2064 1136 2146 factorum

229 2169 322 2232 testis
343 2168 380 2232 in
402 2170 492 2233 omni
505 2170 575 2233 vita
596 2170 689 2236 nobis
712 2171 785 2251 erit,
802 2170 879 2234 sine'
893 2170 964 2234 ullo
988 2177 1080 2234 metu
1103 2176 1137 2234 et

230 2295 360 2338 summa
385 2295 463 2338 cum
485 2275 656 2339 honestate
676 2275 835 2339 vivemus.
883 2275 957 2339 160.
990 2275 1084 2340 Haec
1109 2277 1136 2340 si

229 2379 268 2443 Τ.
286 2381 406 2444 Accius
422 2387 483 2445 aut
497 2381 700 2464 cognovisset
715 2386 775 2444 aut
790 2381 974 2464 cogitasset,
990 2381 1136 2465 profecto

230 2507 272 2550 ne
295 2490 432 2550 conatus
454 2486 589 2570 quidem
611 2492 696 2550 esset
719 2486 839 2566 dicere,
854 2486 890 2549 id
910 2486 999 2570 quod
1021 2468 1137 2550 multis

229 2594 336 2656 verbis
359 2594 438 2676 egit,
460 2594 615 2674 iudicem,
638 2593 728 2676 quod
750 2594 781 2657 ei
803 2593 967 2674 videatur,
991 2599 1136 2657 statuere
1179 2588 1184 2596 ’

230 2703 263 2761 et
277 2719 344 2761 non
360 2698 550 2762 devinctum
564 2699 693 2782 legibus
711 2719 780 2763 esse
801 2706 961 2783 opertere.
1009 2697 1136 2776 Quibus

230 2803 271 2867 de
286 2804 385 2866 rebus
399 2804 481 2867 mihi
496 2824 555 2887 pro
566 2804 713 2868 Cluentii
727 2805 899 2869 voluntate
914 2805 1067 2885 nimium,
1077 2825 1136 2888 pro

197 2909 200 2913 ’
230 2909 279 2974 rei
301 2908 462 2992 dignitate
486 2929 616 2992 parum,
638 2931 698 2994 pro
720 2917 829 2974 vestra
854 2909 1031 2994 prudentia
1058 2910 1137 2973 satis

231 3016 351 3080 dixisse
377 3015 500 3080 videor.
561 3013 704 3098 Reliqua
732 3036 897 3100 perpauca
923 3021 1012 3096 sunt,
1040 3036 1136 3099 quae,

229 3123 308 3206 quia
322 3128 450 3186 vestrae
466 3123 667 3206 quaestionis
690 3129 796 3202 erant,
814 3123 937 3186 idcireo
951 3121 1001 3185 illi
1018 3128 1138 3186 statue-

130 3238 133 3245 '
230 3236 311 3294 runt
324 3229 479 3313 fingenda
494 3249 562 3294 esse
578 3228 638 3292 sibi
654 3235 688 3292 et
703 3227 909 3312 proferenda,
925 3247 967 3291 ne
988 3227 1138 3291 omnium

229 3335 413 3418 turpissimi
428 3336 661 3418 reperirentur,
678 3334 707 3399 si
719 3333 755 3397 in
770 3333 932 3398 iudicium
947 3332 1032 3396 nihil
1047 3352 1138 3416 prae-

230 3445 282 3501 ter
295 3440 455 3503 invidiam
470 3440 667 3504 attulissent.
714 3438 805 3503 LIX.
832 3441 943 3522 Atque
965 3444 1006 3501 ut
1028 3439 1138 3502 existi·

232 3543 327 3604 metis
349 3564 402 3608 me
424 3545 607 3609 necessario
630 3545 671 3609 de
686 3546 737 3609 his
753 3546 861 3627 rebus,
878 3545 918 3608 de
934 3545 1055 3628 quibus
1070 3545 1138 3608 iam
