2667 4034
229 286 268 342 16
453 298 517 341 rao
538 297 569 339 A.
591 296 754 341 canarno
776 295 907 339 enarro.

228 467 282 546 tis,
298 466 340 531 de
362 486 413 547 co,
427 487 528 550 quem
549 466 653 530 odisse
676 465 743 529 iam
765 486 833 529 non
854 463 1001 549 potestis,
1017 464 1057 528 de
1082 483 1132 545 eo,

178 578 184 591 “
228 573 287 655 qui
312 579 347 637 et
367 578 506 637 naturae
526 578 560 635 ot
573 572 700 654 legibus
724 570 905 651 satisfecit,
920 590 1021 653 quem
1042 568 1133 653 leges

230 679 356 759 exsilio,
371 686 493 743 natura
516 683 623 741 morte
637 674 830 739 mulctavit:
853 675 975 738 auditis
997 696 1064 738 non
1092 674 1133 737 ab

229 784 374 863 inimico,
394 783 517 847 auditis
541 783 611 846 sine
636 782 787 861 testibus,
812 780 945 861 auditis,
960 801 1067 864 quum
1082 794 1134 861 ea',

130 968 133 975 Ι
229 910 315 973 quae
344 888 562 974 copiosissime
588 886 653 951 diei
679 893 828 971 possunt,
858 886 1002 956 breviter
1031 906 1051 950 a
1079 907 1135 951 mo

230 995 435 1078 strictimque
455 994 624 1058 dicuntur.
670 992 727 1057 Illi
748 982 927 1057 audiebant
952 992 993 1057 de
1019 1014 1068 1074 eo,
1093 993 1135 1057 de

136 1080 140 1089 ¹
230 1123 297 1185 quo
310 1102 412 1165 iurati
431 1100 609 1165 sententias
624 1101 709 1164 ferre
726 1099 898 1180 debebant,
915 1099 955 1165 de
971 1120 1021 1181 eo,
1038 1100 1135 1163 ouius

230 1207 409 1292 praesentis
423 1206 589 1271 nefarium
603 1211 637 1269 et
658 1205 918 1269 consceleratum
931 1204 1065 1268 vultum
1086 1205 1137 1267 in-

230 1314 422 1393 tuebantur,
445 1314 486 1377 de
509 1332 559 1393 eo,
582 1332 682 1395 quem
695 1332 820 1375 omnes
843 1312 981 1375 oderant
1002 1317 1137 1395 propter

232 1418 415 1499 audaciam,
439 1418 480 1482 de
507 1438 557 1499 eo,
572 1438 673 1500 quem
693 1416 783 1480 omni
810 1414 970 1499 supplicio
995 1416 1135 1498 dignum

146 1590 152 1603 ,
231 1545 301 1588 esso
316 1525 499 1588 ducebant:
525 1523 704 1586 audiebant
719 1524 759 1586 ab
774 1522 1030 1602 accusatoribus,
1042 1522 1138 1586 audi-

231 1630 331 1693 ebant
343 1630 444 1693 verba
464 1629 648 1693 multorum
662 1629 809 1710 testium,
826 1629 1014 1709 audiebant,
1030 1650 1137 1711 quum

231 1755 442 1817 unaquaque
457 1735 499 1799 de
513 1755 550 1799 re
560 1728 579 1798 a
590 1734 629 1798 P.
644 1734 822 1817 Cannutio,
833 1735 966 1817 homine
981 1734 1137 1817 eloquen-

231 1840 367 1922 tissimo,
389 1841 533 1924 graviter
558 1847 593 1905 et
622 1841 879 1905 diu'diceretur.
937 1840 989 1903 30.
1013 1840 1057 1905 Et
1085 1846 1160 1905 est'

231 1946 407 2030 quisquam
431 1946 490 2030 qui
518 1968 625 2030 quum
648 1947 730 2011 haec
753 1946 953 2029 cognoverit,
977 1945 1137 2029 suspicari

231 2053 333 2139 possit
348 2053 564 2137 Oppianicum
585 2053 709 2118 iudicio
732 2041 923 2136 oppressum
943 2058 976 2117 et
998 2052 1137 2116 circum-

231 2151 369 2225 ventum
383 2179 452 2224 esse
466 2157 699 2224 innocentem?

276 2266 464 2333 Aceruatim
485 2266 552 2329 iam
574 2265 713 2347 reliqua,
736 2266 873 2346 iudices,
890 2266 1008 2348 dicam,
1030 2270 1071 2329 ut
1093 2265 1136 2329 ad

232 2392 282 2453 ea,
299 2368 394 2454 'quae
419 2371 570 2456 propiora
595 2370 696 2434 huius
722 2390 840 2435 causae
870 2376 904 2435 et
930 2371 1137 2435 adiunctiora

233 2483 322 2560 sunt,
345 2478 550 2561 perveniam:
574 2498 644 2557 vos,
659 2496 793 2559 quaese,
816 2477 975 2541 memoria
996 2478 1135 2541 teneatis

232 2605 299 2648 non
313 2584 396 2647 mihi
409 2583 473 2647 hoc
487 2602 556 2647 esse
579 2584 794 2667 propositum,
810 2588 851 2646 ut
873 2602 1025 2647 accusem
1040 2582 1137 2667 Oppi·

233 2688 367 2751 anicum
380 2694 562 2766 mortuum,
575 2688 632 2751 sed
643 2708 750 2770 quum
759 2689 821 2752 hoo
835 2689 1034 2772 persuadere
1044 2689 1136 2753 vobis

231 2793 343 2872 velim,
357 2792 521 2856 iudicium
535 2793 575 2856 ab
590 2794 653 2857 hoc
672 2815 740 2859 non
762 2815 832 2859 esse
855 2801 1058 2880 corruptum,
1072 2796 1136 2859 hoc

232 2898 284 2963 uti
298 2899 392 2963 initio
407 2918 446 2963 ac
460 2898 677 2965 fundamento
693 2901 901 2982 defensionis,
918 2902 1136 2987 Oppianicum

231 3004 400 3069 bominem
415 3004 701 3070 sceleratissimum
724 3012 758 3071 et
779 3008 1051 3071 nocentissimum
1065 3028 1136 3071 esse

153 3162 159 3172 .
233 3112 436 3176 damnatum.
486 3110 565 3188 <Qui
593 3112 693 3176 uxori
728 3132 806 3177 suae
837 3112 1020 3195 Cluentiae,
1050 3134 1136 3196 quae

233 3218 334 3280 amita
347 3218 449 3282 buius
463 3218 578 3282 Habiti
597 3218 673 3299 fuit,
689 3239 795 3301 quum
814 3220 883 3305 ipse
903 3219 1061 3304 poculum
1082 3219 1138 3283 de·
1161 3226 1162 3229 ’

234 3324 345 3403 disset,
360 3324 472 3387 subito
482 3324 542 3388 illa
555 3326 591 3387 in
606 3324 715 3387 media
736 3327 867 3407 potione
890 3325 1087 3390 exclamavit
1101 3346 1136 3389 so

233 3428 378 3491 maximo
407 3448 485 3491 oum
515 3429 626 3492 dolore
652 3430 774 3493 emori:
808 3452 872 3495 nec
900 3417 1029 3496 diutius*
1052 3432 1137 3495 vixit

234 3550 335 3612 quarn
359 3531 472 3596 locuta
495 3537 565 3596 est:
589 3553 668 3596 nam
691 3533 727 3596 in
750 3534 820 3617 ipso
845 3556 993 3602 sermone
1019 3539 1082 3603 hoc
1103 3526 1157 3603 et‘
