2667 4034
244 277 282 336 18
465 289 530 333 rao
550 288 765 333 aecanaurm
788 287 919 333 osarro.

244 460 439 527 sustulisset.
497 458 633 538 Quanto
663 465 713 525 est
738 458 936 545 Oppianicus
965 458 1002 521 in
1031 457 1150 523 cadom

243 567 366 631 iniuria
388 567 511 632 maiore
533 566 693 652 supplicio
708 564 853 649 dignus?
878 564 1055 648 siquidem
1077 564 1149 645 illa,

243 696 349 757 quum
363 694 424 739 suo
438 672 567 757 corpori
577 673 646 736 rim
660 671 836 752 attulisset,
848 690 882 735 se
892 671 964 754 ipsa
973 670 1148 751 cruciavit,

243 781 298 845 lric
321 786 435 845 autom
455 779 546 843 idam
566 778 653 842 illud
670 778 779 843 effecit
799 797 858 861 per
880 776 980 842 alieni
1003 776 1159 861 corporis,

242 891 384 950 mortem
399 892 501 968 atqrm
513 885 709 949 cruciatum.
757 882 887 948 anteri
908 904 976 947 non
990 882 1149 947 videntur

242 993 279 1057 in
300 992 438 1075 singulis
458 992 648 1056 hominibus
670 989 778 1055 multa
803 990 961 1074 paricidio.
983 991 1147 1074 suscipere

243 1118 348 1182 posse,
360 1096 558 1182 Oppianicus
572 1096 727 1161 inventus
742 1102 792 1161 est
806 1096 864 1180 qui
878 1097 915 1159 in
928 1117 997 1161 uno
1012 1116 1147 1180 corpore

243 1203 354 1288 plnres
367 1209 510 1269 necaret.
548 1202 630 1267 XII.
648 1204 701 1267 33.
725 1203 853 1286 Itaque,
865 1224 970 1286 quum
978 1202 1148 1267 hanceius

215 1376 218 1381 ,
244 1310 517 1387 consuetudinem
529 1310 767 1393 audaciamque
779 1314 949 1391 cognosset
961 1307 1147 1372 avrmoulus

243 1417 334 1482 illius
356 1417 570 1483 adolescentis
592 1416 775 1500 Oppianici,
801 1415 862 1480 On.
888 1415 1028 1499 Magius,
1052 1416 1151 1499 isque

244 1523 335 1606 gravi
357 1524 471 1588 morbo
486 1522 634 1586 adfectus
645 1528 731 1586 esset
742 1528 775 1585 et
785 1521 941 1585 heredem
954 1514 1052 1585 illum
1061 1541 1149 1585 soro-

243 1628 290 1691 ra
302 1648 380 1693 suae
393 1627 649 1709 armiscara,
664 1628 820 1692 admotas
835 1628 959 1709 aaron
975 1632 1147 1711 ptissana
1215 1606 1223 1625 ¹

244 1737 350 1796 matre
364 1752 436 1812 sua,
450 1731 589 1813 Dinaea,
601 1753 741 1797 uxorem
753 1753 849 1797 snam
862 1731 1088 1816 interrogavit,
1100 1752 1149 1797 eso

245 1843 336 1901 setnc
347 1858 540 1922 praegnans.
573 1837 666 1915 Quae
676 1859 782 1922 quum
792 1859 825 1903 sa
837 1859 906 1903 asse
916 1839 1147 1922 respondisset,

244 1944 286 2007 ab
306 1963 345 2007 ea
359 1944 485 2028 petivit,
500 1950 541 2008 ut
560 1965 594 2009 se
609 1952 741 2009 mortuo
759 1944 852 2029 apud
874 1944 1045 2027 Dinaeam,
1061 1964 1148 2028 quac

243 2058 318 2115 tum
332 2051 364 2115 ei
377 2050 510 2116 mulieri
525 2072 638 2117 socrus
649 2058 732 2133 erat,
745 2052 854 2135 quoad
869 2058 1010 2137 parerat,
1021 2052 1149 2115 habita·

244 2161 295 2221 ret
310 2156 579 2241 diligentiamque
591 2157 772 2239 adhiberet,
785 2165 824 2222 nt
835 2158 882 2239 id,
894 2159 983 2241 quod
994 2178 1148 2241 concepe-

243 2267 307 2344 rat,
334 2268 490 2344 servaret,
510 2269 549 2327 ut
573 2263 702 2327 salvum
726 2284 841 2348 parere
865 2253 982 2349 posset.
1027 2258 1148 2348 Itaque

243 2369 275 2433 ei
288 2375 484 2434 testamento
498 2369 588 2453 legat
611 2370 772 2453 grandem
793 2371 967 2454 pecuniam
982 2366 1095 2451 ofilio,
1119 2370 1148 2434 si

243 2476 302 2558 qui
324 2482 422 2540 natans
442 2483 545 2541 essct:
564 2476 611 2539 'ab
636 2478 780 2541 secundo
795 2476 915 2542 herede
939 2477 1022 2540 nihil
1043 2476 1145 2559 legat.

244 2580 298 2643 34.
316 2580 404 2657 Quid
414 2581 455 2645 de
467 2582 645 2665 Oppianico
661 2583 846 2667 suspicatus
858 2584 900 2645 sit
910 2582 1047 2647 vidctis:
1064 2582 1148 2665 qnid

243 2684 399 2750 iudicarit
422 2686 601 2750 obscurum
621 2707 689 2751 non
712 2694 772 2751 est.
817 2687 906 2752 Nam
928 2688 1023 2752 cuius
1037 2687 1148 2752 filium

244 2790 366 2854 faceret
373 2790 540 2872 heredem,
550 2812 627 2856 eum
635 2798 781 2859 tutorem
789 2793 900 2859 liberis
909 2814 975 2859 non
986 2794 1145 2877 ascripsit.

245 2893 334 2971 Quid
345 2896 546 2980 Oppianicus
561 2898 675 2962 iecerit
690 2900 885 2982 cognoscite,
905 2905 945 2963 ut
967 2899 1063 2962 illum
1078 2898 1148 2962 Ma

155 3027 157 3030 ·
243 3002 337 3085 gium
347 3002 537 3086 intelligatis
551 3002 649 3087 longe
665 3005 775 3068 animo
790 3005 993 3089 prospexisse
1006 3006 1147 3069 morien-

242 3114 322 3173 tem.
369 3107 461 3185 Quao
476 3110 616 3194 pecunia
630 3110 764 3175 mulieri
778 3110 888 3194 legata
902 3117 974 3175 erat
989 3130 1009 3177 a
1023 3110 1103 3190 filio,
1119 3111 1148 3174 si

242 3214 301 3297 qui
315 3222 414 3280 natus
429 3223 525 3297 asset,
541 3236 615 3281 eam
636 3223 842 3300 praesentem
857 3216 1056 3301 Oppianicus
1078 3237 1148 3281 non

142 3343 148 3353 ·
243 3320 388 3391 debitam
407 3320 540 3386 mulieri
554 3322 662 3402 solvit,
679 3324 707 3385 si
720 3323 802 3387 haec
818 3322 938 3387 solatio
959 3322 1148 3405 legatorum

244 3430 278 3487 et
288 3445 356 3487 non
365 3444 490 3488 merces
505 3426 683 3490 abortionis
699 3427 894 3510 appellanda
903 3435 963 3491 ost.
1003 3426 1077 3504 Quo
1088 3427 1148 3491 illa

240 3527 352 3609 precio
378 3534 509 3611 accepto
533 3529 712 3613 multisque
740 3538 911 3614 praeterea
940 3532 1147 3613 muneribus,
