2667 4034
186 342 190 348 ’
254 331 294 388 54
396 325 402 335 ’
476 348 540 389 ruo
562 347 593 389 n.
614 347 777 390 cnuuurro
800 346 931 389 oanrro.

253 516 297 579 ad
326 514 482 581 emendas
510 516 689 581 sententies
716 516 843 581 dedisse
872 516 1048 601 pecuniam
1072 516 1157 585 iudi·

252 628 367 685 catum
381 627 452 685 est:
475 643 581 705 quum
602 622 651 686 ita
672 622 893 687 constitutum
913 622 969 703 sit,
984 624 1035 687 uti
1049 623 1085 687 in
1099 622 1159 691 ills

253 728 426 823 culpaaut
448 701 622 791 Cluentiui
644 728 690 790 sit
711 732 771 791 sut
782 726 995 811 Oppianicus,
1012 727 1159 797 Cluentii

253 854 376 897 numus
398 832 512 897 nullus
533 834 637 897 iudici
659 833 757 897 datus
779 833 850 897 ullo
864 833 1159 917 vestigiorcperie-

252 944 320 1019 tur,
336 938 506 1022 Oppianici
526 938 669 1022 pecunia
690 944 764 1023 post
784 938 947 1003 iudicium
968 938 1094 1005 fectum
1115 939 1158 1003 ab

252 1044 362 1108 iudice
384 1043 495 1108 ablata
515 1050 577 1125 est,
600 1050 799 1128 potestesse
822 1044 973 1125 dubium,
996 1045 1078 1127 quin
1099 1044 1159 1114 ille

252 1150 421 1215 damnatio
435 1149 568 1244 Staieni
576 1172 645 1217 non
655 1150 753 1215 modo
769 1172 836 1217 non
850 1151 895 1217 sit
908 1158 1024 1219 contre
1038 1150 1159 1219 Cluen-

251 1256 350 1337 tium,
365 1256 422 1321 sed
443 1256 588 1321 maxime
609 1262 757 1320 nostram
774 1276 910 1323 causam
924 1256 1159 1323 defensionem·

251 1382 317 1445 que
347 1360 541 1427 confirmet?
597 1361 785 1426 XXXVII.
821 1362 896 1427 103.
930 1362 1018 1447 Ergo
1048 1362 1159 1429 odhue

252 1468 344 1533 Iunii
357 1469 521 1533 iudicium
533 1468 630 1533 video
649 1488 721 1533 esse
732 1468 815 1533 'eius
830 1468 930 1551 modi,
945 1475 986 1535 ut
1000 1468 1159 1536 incursio

252 1596 330 1639 nem
344 1576 453 1659 potius
468 1574 647 1656 seditionis,
661 1563 731 1639 vini
745 1574 981 1657 multitudinis,
996 1576 1159 1659 impetum

251 1680 479 1760 tribunicium,
490 1701 593 1763 quam
602 1680 767 1745 indicium
781 1675 1016 1765 appellandum
1030 1688 1156 1765 putam.

254 1785 350 1863 Quod
365 1786 392 1849 si
412 1786 486 1869 quis
508 1786 593 1849 illud
615 1786 779 1851 iudicium
801 1787 953 1871 appellet,
969 1793 1081 1852 tamen
1095 1787 1158 1855 hoc

251 1890 450 1956 confitentur
471 1911 603 1957 necesse
625 1898 686 1973 est,
704 1892 799 1958 nullo
820 1892 918 1959 modo
940 1894 1034 1959 illum
1055 1893 1159 1959 mulo-

251 2002 332 2078 tam,
348 2018 433 2081 quae
447 1998 489 2061 ab
504 1996 602 2062 Iunio
616 1998 720 2081 petite
734 1998 789 2079 sit,
805 2018 883 2063 cum
897 1998 1044 2063 Cluentii
1059 2018 1159 2063 causa

251 2124 345 2188 posse
367 2104 535 2187 coniungi.
581 2103 674 2167 Illud
695 2104 798 2187 igitur
820 2103 1002 2173 Iunianum
1017 2105 1159 2189 pervim

252 2210 379 2274 factum
407 2217 468 2291 est,
494 2210 594 2274 Bulbi
624 2216 659 2274 et
684 2208 804 2295 Popilii
830 2216 864 2276 et
890 2209 1013 2277 Guttae
1042 2216 1159 2277 eontra

254 2316 446 2380 Cluentium
467 2336 535 2381 non
556 2321 627 2381 est:
652 2315 778 2381 Staieni
799 2318 900 2381 etiam
921 2338 981 2402 pro
1002 2316 1158 2383 Cluentio

252 2428 312 2487 est.
358 2420 541 2491 Videamus
555 2422 684 2511 ecquod
699 2422 792 2487 aliud
806 2422 979 2525 iudicium,
992 2422 1084 2506 quod
1099 2443 1158 2507 pro

251 2528 407 2594 Cluentio
420 2530 475 2612 sit,
490 2529 636 2614 proferre
650 2529 823 2614 possimus,

296 2634 433 2699 Dixitna
454 2636 590 2700 tandem
611 2656 747 2701 causam
770 2634 808 2700 Ο.
836 2635 1065 2703 Fidiculanius
1086 2634 1160 2700 ual-

252 2740 341 2820 cula,
361 2740 420 2822 qui
439 2739 657 2824 Oppianicum
679 2742 925 2823 condemnaret,
943 2763 1049 2825 quum
1068 2760 1159 2825 prae·

246 2844 378 2925 sertim,
404 2844 441 2907 id
469 2845 559 2928 quod
587 2846 652 2911 luit
681 2847 717 2911 in
746 2847 804 2912 illo
830 2848 953 2911 iudicio
978 2846 1160 2911 invidiosis-

254 2951 387 3033 simum,
413 2970 535 3035 paucos
563 2952 633 3017 dies
661 2974 706 3019 ex
737 2952 968 3019 subsortitione
999 2948 1158 3017 sedisset?

253 3053 348 3119 Dixit
373 3059 408 3119 et
436 3053 486 3117 bis
511 3054 647 3138 quidem
677 3056 772 3119 dixit.
818 3054 861 3120 In
883 3074 1047 3119 summam
1071 3052 1160 3119 enim

54 3246 59 3257 ‚
127 3151 131 3155 ⁴
245 3160 292 3225 L.
310 3159 486 3237 Quinctius
500 3161 661 3224 invidiam
673 3162 881 3227 contionibus
891 3181 970 3225 eum
983 3158 1159 3225 cotidianis

255 3266 414 3329 seditiosis
428 3271 463 3329 et
477 3265 678 3329 turbulentis
701 3266 897 3329 adduxerat.
943 3264 1021 3333 Uno
1036 3264 1160 3333 iudicio

231 3462 235 3468 .
254 3369 381 3433 mulcta
394 3374 444 3434 est
458 3370 499 3433 ab
515 3390 554 3434 eo
567 3371 682 3453 petita,
698 3370 784 3434 sicut
805 3371 847 3435 ab
862 3370 972 3451 Iunis,
986 3354 1078 3453 quod
1092 3391 1160 3435 non

256 3492 334 3536 suae
364 3472 519 3537 decuriae
547 3494 685 3538 munere
714 3494 822 3557 neque
846 3496 888 3541 ex
914 3474 987 3557 lege
1011 3474 1158 3539 sedisset.

251 3573 374 3640 Paullo
403 3576 564 3657 sedatiore
592 3584 740 3661 tempore
768 3585 819 3643 est
848 3586 1033 3662 aecusatus,
1058 3598 1161 3663 quam
