2667 4034
406 360 478 402 car.
499 361 646 415 Ln-Lnr.
688 344 719 411 §S
737 343 900 402 142-145.
1063 345 1100 402 77

195 528 378 594 termissus.
425 525 500 590 144.
526 525 614 603 Quid
644 547 723 610 ergo
749 526 824 591 ost?
872 527 1016 605 Quaeret
1039 530 1101 594 ser-

194 633 472 717 tcsse‘quispiam,
488 633 699 716 displiceatne
718 634 800 696 mihi
814 633 926 716 legum
941 635 1101 718 praesidio

196 742 312 826 capitis
341 739 529 825 perieulum
558 737 776 823 propulsare?
823 738 905 803 Mihi
934 759 1023 820 voro,
1053 740 1102 803 iu-

197 848 297 928 dices,
313 867 380 911 non
403 844 564 929 displicet,
580 845 638 915 sed
659 850 736 908 utor
755 845 908 909 instituto
930 865 1014 909 meo.
1061 844 1102 910 In

195 954 338 1018 homhiis
359 952 489 1017 honesti
511 950 748 1036 prudentisque
769 951 892 1015 iudicio
912 972 979 1015 aon
994 950 1101 1015 solum

196 1080 270 1124 meo
299 1059 434 1124 consilio
464 1057 517 1121 uti
546 1057 712 1137 consuevi,
742 1057 799 1121 sed
828 1056 975 1121 multum
1001 1058 1102 1122 ctiam

196 1165 279 1246 eius,
301 1184 401 1248 quem
423 1162 576 1244 defendo,
594 1169 628 1228 et
649 1163 784 1227 oonsilio
807 1168 841 1226 et
862 1163 1026 1227 voluntati
1048 1164 1101 1228 ob

195 1277 353 1354 tempero.
398 1269 485 1334 Nam
506 1275 547 1333 ut
567 1269 650 1333 haee
673 1269 715 1332 ad
733 1289 786 1333 me
801 1289 901 1332 eausa
917 1269 1026 1334 delata
1040 1276 1101 1350 est,

195 1377 254 1460 qui
275 1376 366 1461 leges
388 1396 454 1458 eas,
478 1375 520 1439 ad
542 1395 626 1458 quas
651 1374 847 1438 adhibemur
870 1380 903 1438 et
925 1374 959 1438 in
982 1375 1101 1458 quibus

194 1502 377 1563 versamur,
406 1502 501 1546 nosse
539 1481 703 1560 deberem,
734 1479 803 1542 dixi
837 1478 961 1543 Habito
990 1481 1102 1544 statim

195 1585 302 1672 capit'e
317 1608 374 1653 co:
399 1604 456 1661 our
477 1604 609 1652 colssur
626 1602 692 1660 ouo
707 1602 783 1658 curs
799 1601 1100 1667 cenommannica,

195 1693 292 1758 illum
317 1713 387 1758 esse
403 1693 577 1757 ‘liberumz
605 1692 715 1756 teneri
737 1697 851 1756 autem
875 1698 1027 1758 nostram
1052 1713 1101 1757 or-

196 1800 317 1864 dinem.
363 1800 475 1883 Atque
505 1798 561 1863 illo
590 1819 644 1863 me
675 1819 767 1864 orare
798 1805 897 1882 etque
933 1800 1100 1865 obsecrare

195 1907 312 1990 coepit,
327 1912 367 1970 ut
389 1926 431 1970 ne
454 1925 523 1969 sese
544 1904 617 1987 lege
641 1895 861 1982 defenderem,
905 1905 1018 1982 Quum
1040 1925 1100 1988 ege

194 2032 280 2096 quae
306 2012 388 2075 mihi
412 2011 605 2075 viderentur
631 2011 785 2090 dicerem,
809 2010 958 2074 traduxit
983 2031 1036 2074 me
1059 2010 1101 2074 ad

195 2137 291 2182 suam
320 2117 528 2182 sententiam.
575 2114 783 2178 adfirmabat
812 2115 901 2178 enim
926 2115 1101 2178 lacrimans

195 2244 264 2289 non
278 2244 312 2288 se
327 2222 530 2307 cupidiorem
545 2241 615 2286 esse
636 2221 777 2284 civitatis
795 2219 985 2284 retinendae
1001 2241 1101 2303 quam

196 2329 457 2394 existimationis.
518 2327 594 2392 145.
630 2326 757 2391 Morem
786 2325 912 2390 homini
942 2326 1037 2409 gessi,
1068 2332 1101 2390 et

195 2441 309 2500 tamen
330 2435 452 2501 ideirco
473 2434 708 2516 feei—,neque
733 2431 822 2497 enim
844 2431 879 2494 id
906 2451 1032 2515 semper
1056 2431 1101 2495 fa-

196 2560 270 2606 eere
301 2540 522 2621 debemus—,
545 2538 635 2622 quod
664 2537 817 2602 videbam
845 2557 904 2622 per
934 2557 967 2601 se
996 2537 1101 2620 ipsam

196 2667 331 2712 causam
347 2647 416 2710 sine
430 2645 504 2729 lege
520 2644 738 2729 copiosissime
754 2664 846 2728 posse
863 2643 1004 2713 defendi.
1043 2642 1101 2707 Vi·

196 2753 314 2816 debam
342 2753 378 2816 in
406 2752 470 2815 hae
496 2751 785 2833 defensioneque
814 2750 881 2814 iam
907 2772 982 2814 sum
1007 2771 1100 2832 nsua,

194 2857 271 2943 plus
298 2858 479 2941 dignitatis,
505 2857 540 2920 in
564 2856 634 2938 illa,
660 2876 728 2940 qua
751 2877 804 2921 me
830 2857 884 2920 hic
907 2857 958 2920 uti
981 2857 1099 2938 noluit,

194 2965 307 3029 minus
342 2964 463 3030 laboris
499 2963 664 3028 futurum.
712 2962 807 3041 Quod
839 2964 865 3028 si
895 2964 979 3027 nihil
1009 2963 1101 3027 aliud

195 3077 281 3136 esset
307 3077 420 3134 actum
445 3069 509 3134 nisi
534 3076 575 3134 ut
599 3071 685 3150 hauc
712 3090 846 3134 causam
867 3069 1101 3149 obtineremuS,

193 3176 268 3259 lege
290 3177 430 3240 recitata
449 3196 664 3261 perorassem.

152 3291 155 3294 ’
238 3281 331 3345 LIII.
377 3282 494 3365 Neque
516 3302 569 3347 me
591 3283 650 3346 illa
672 3283 776 3347 oratio
799 3285 996 3359 commovet,
1013 3277 1102 3362 qnod
1150 3341 1151 3344 ,

196 3389 243 3452 ait
261 3387 384 3452 Accius
405 3388 583 3472 iudignum
604 3408 674 3466 esse
696 3386 834 3466 facinus,
851 3385 879 3448 si
901 3390 1032 3448 senator
1053 3384 1102 3446 iu-

195 3493 282 3558 dicio
323 3496 512 3579 quempiam
552 3492 815 3573 circumvenerit,
856 3491 983 3574 legibus
1024 3511 1116 3555 eum,

194 3601 322 3666 teneri:
347 3601 374 3664 si
389 3619 490 3683 eques
511 3599 684 3664 Romanus
705 3599 767 3662 hoc
789 3598 877 3662 idem
895 3597 1020 3680 fecerit,
1035 3618 1102 3662 non

505 3705 553 3771 7*
