2667 4034
256 277 294 334 98
483 279 547 330 rao
568 288 600 328 A·
622 284 784 328 cauanrro
807 285 937 328 enarro.

256 463 319 542 eia,
339 459 475 526 consilio
498 466 533 524 et
555 457 683 523 ratione
709 456 871 522 deficitur.
917 457 1005 521 Nam
1024 457 1163 522 tabellae

255 567 456 651 quaestionis
474 565 586 652 piures
600 562 826 647 proferuntur,
838 583 923 646 quae
939 562 1095 626 recitatae
1110 583 1164 635 vo

255 672 371 756 bisque
391 671 499 736 editae
515 675 606 749 sunt,
621 667 699 730 illae
714 667 815 752 ipsae,
830 688 912 750 quas
924 674 1002 732 tum
1017 668 1163 750 obsigna-

256 786 307 843 tas
323 797 393 842 esse
409 776 510 840 dixit:
534 773 708 857 inquibus
729 773 859 837 tabellis
881 773 923 838 de
944 773 1034 837 furto
1052 772 1164 838 littera
1239 815 1244 823 ·
1315 794 1316 814 ι

256 883 351 948 nulla
364 882 543 946 invenitur.
589 878 666 944 Nou
683 879 774 943 venit
791 879 826 943 in
847 885 1003 960 mentem,
1018 879 1163 964 primum

131 1014 136 1029 ¹
257 990 440 1053 orationem
455 986 617 1052 Stratonis
633 985 836 1050 conscribere
852 985 892 1050 de
908 985 1164 1070 furto,postali-
1258 1021 1263 1028 ·

256 1094 345 1178 quod
361 1094 488 1158 dictum
508 1092 689 1176 adiungere
704 1091 745 1156 de
759 1112 897 1172 venene,
909 1092 998 1176 quod
1011 1113 1078 1157 non
1093 1113 1164 1176 per-

257 1200 443 1265 cantatione
454 1198 655 1282 quaesitum,
667 1197 725 1262 sed
740 1217 799 1283 per
811 1197 958 1266 dolorem
972 1218 1164 1282 expressum

257 1306 435 1370 videretur.
473 1304 628 1382 Quaestio
643 1303 684 1368 de
699 1303 791 1367 furto
805 1309 866 1384 est,
881 1302 1000 1368 veneni
1013 1303 1080 1367 iam
1095 1325 1164 1366 sus-

258 1412 342 1496 picio
364 1412 531 1496 superiore
553 1403 745 1493 quaestione
768 1393 921 1495 sublata?
944 1408 1033 1492 quod
1054 1408 1164 1492 ipsum

258 1517 339 1582 haee
361 1517 478 1581 eadem
496 1515 617 1580 mulier
635 1515 811 1596 iudicarat,
827 1534 912 1597 quae
926 1502 967 1578 ut
981 1512 1107 1578 Romae
1122 1514 1163 1578 de

259 1623 441 1687 amicorum
464 1621 628 1686 sententia
653 1626 816 1686 statuerat
842 1621 919 1686 satis
945 1640 1015 1687 esse
1038 1621 1164 1704 quaesi-

258 1735 344 1807 tum,
362 1734 474 1810 postea
493 1748 553 1811 per
574 1711 757 1791 triennium
779 1727 924 1792 maxime
948 1748 990 1792 ex
1012 1727 1164 1792 omnibus

259 1831 360 1894 servis
379 1829 567 1896 Stratonem
581 1831 678 1896 illum
690 1832 863 1914 dilexerat,
873 1832 909 1896 in
924 1833 1048 1897 bonore
1062 1834 1164 1898 habu-

259 1942 341 2015 erat,
356 1937 536 2001 commodis
554 1939 707 2003 omnibus
727 1939 903 2004 adfecerat.
949 1937 1024 2002 185.
1052 1939 1164 2016 Quum

258 2042 363 2125 igitur
377 2041 418 2106 de
433 2041 523 2108 furto
538 2051 756 2127 quaereretur
776 2051 809 2111 et
827 2065 866 2110 ee
881 2045 981 2126 furto,
997 2043 1087 2127 quod
1109 2044 1165 2108 ille

134 2171 139 2178 ·
258 2147 329 2212 sine
354 2150 575 2214 controversia
600 2149 832 2232 fecerat,tu1n
857 2148 914 2215 ille
938 2149 979 2214 de
1004 2169 1054 2231 eo,
1077 2150 1166 2233 quod

258 2255 491 2337 quaerebatur,
506 2256 646 2319 verbum
665 2253 800 2318 nullum
822 2254 923 2320 fecit?
966 2254 1019 2320 De
1039 2275 1167 2320 veneno

260 2359 372 2423 statim
386 2358 495 2424 dixit?
520 2359 562 2422 de
577 2357 665 2422 furto
681 2357 709 2422 si
724 2379 791 2424 non
806 2359 943 2442 soloce,
958 2382 1025 2443 quo
1040 2361 1166 2441 debuit,

259 2484 302 2528 ne
331 2465 366 2528 in
387 2469 546 2530 ‘extrema
559 2465 710 2548 ‘quidem
739 2471 799 2530 aut
827 2465 938 2530 media
967 2474 1027 2531 aut
1056 2467 1168 2554 aliqua

261 2567 401 2649 denique
427 2577 519 2651 parte
542 2571 743 2654 quaestionis
764 2571 904 2636 verbum
929 2572 1008 2638 fecit
1032 2571 1165 2636 ullum?
1267 2579 1275 2596 ’

260 2669 384 2732 LXVI.
422 2671 494 2736 Iam
523 2674 640 2740 videtis
669 2675 763 2741 iiiam
792 2677 952 2742 nefariam
981 2678 1167 2760 mulierem,

259 2773 396 2853 iudices,
427 2775 543 2840 eadem
574 2801 689 2863 manu,
719 2803 796 2866 qua,
828 2783 855 2847 si
885 2783 983 2848 detur
1012 2789 1167 2870 potestas,

260 2876 444 2942 interficere
459 2878 568 2944 filiurn
582 2887 705 2970 cupiat,
717 2889 804 2954 hanc
818 2888 930 2953 fictam
942 2890 1167 2973 quaestionem

155 3069 158 3076 Ι
261 2983 497 3068 conscripsisse.
554 2987 664 3070 Atque
690 2993 788 3059 istam
813 2995 918 3080 ipsam
942 2996 1167 3079 quaestionem

261 3090 359 3154 dicite
374 3091 448 3174 quis
464 3091 653 3175 obsignarit.
690 3096 805 3166 Unum
820 3102 965 3186 aliquem
980 3102 1164 3185 nominate:

260 3195 426 3260 neminem
451 3198 631 3281 reperietis,
655 3201 720 3264 nisi
745 3204 828 3271 forte
854 3206 1040 3272 eiusmodi
1065 3207 1168 3272 homi-

260 3320 348 3379 nem,
369 3321 469 3383 quem
491 3323 552 3384 ego
574 3304 714 3386 proferri
738 3308 852 3373 malim
868 3333 976 3394 ,quam
1000 3313 1168 3376 neminem

261 3404 434 3466 nominari.
470 3405 545 3469 186.
569 3407 659 3484 Quid
675 3411 733 3491 aia,
745 3411 784 3474 T.
798 3415 902 3480 Acci?
926 3426 966 3482 tu
980 3418 1167 3502 periculum
1270 3485 1273 3492 Δ

261 3506 387 3587 capitis,
401 3513 440 3570 tu
462 3509 624 3574 iudicium
645 3513 787 3597 sceleris,
804 3524 843 3581 tu
860 3519 1009 3587 fortunas
1030 3524 1166 3588 alterins
