2667 4034
223 267 263 325 36
445 278 748 323 raos.ccusnr10
771 272 905 322 esurio.
929 239 936 249 ⁹

224 450 424 534 acribusque
444 448 637 534 perfecerat,
651 454 693 515 ιιι
710 468 749 515 eo
764 447 893 515 fautore
907 452 1059 513 uteretur
1074 468 1133 512 eu-

223 558 361 643 pidior'e‚
375 576 476 641 quam
490 555 572 621 fides
588 554 709 621 iudicis
730 554 926 640 postulabat.
953 554 1027 620 ct.
1050 553 1133 619 Post
1187 575 1197 589 =

225 671 338 729 cutem
352 684 457 748 quum
476 668 562 729 esset
583 660 786 727 Scamander
805 660 905 727 unius
921 660 1131 735 Staieniffissn-

224 771 329 835 tentia
350 754 532 849 alisclutus
546 773 706 851 petronus
732 772 845 831 eutem
871 765 1064 833 Scamandri
1087 786 1133 841 ne

122 944 125 951 ,
225 896 287 941 sua
306 874 441 959 quidem
463 872 629 943 sententia
649 872 821 953 liberatus,
836 872 1015 939 acrioribus
1030 871 1133 937 saluti

224 1000 304 1045 suae
332 978 486 1048 remediis
515 978 781 1043 subveniendum
810 978 950 1063 putavit.
994 978 1084 1053 Tum
1112 998 1134 1045 ιι

225 1084 370 1167 Staieno,
385 1084 472 1149 sicut
492 1084 535 1148 cb
556 1083 691 1149 homine
713 1083 756 1148 cd
778 1083 1035 1168 excogitandum
1056 1104 1134 1149 aeu-

224 1192 362 1272 tissime,
387 1190 432 1256 ed
457 1189 652 1256 cudendum
675 1189 971 1274 impudentissime,
998 1190 1041 1255 ad
1066 1189 1134 1255 effi-

225 1297 381 1363 ciendum
402 1296 706 1363 acemimo-hccc
728 1296 818 1363 enim
840 1295 897 1361 ille
915 1303 949 1361 et
964 1295 1075 1379 aliqua
1089 1315 1134 1361 ex
1256 1380 1258 1383 .

225 1409 318 1488 purte
332 1402 473 1469 habebat
487 1408 523 1468 et
542 1402 667 1467 maiore
685 1421 727 1467 ex
742 1408 835 1487 parte
851 1422 885 1467 se
899 1402 1019 1467 lrabere
1034 1402 1135 1467 simu-

224 1509 378 1590 labat-,
400 1508 566 1573 auxilium
587 1507 689 1591 cupiti
711 1526 750 1573 ac
771 1506 913 1573 fortunis
936 1508 1004 1572 suis
1022 1514 1134 1593 petere

134 1676 138 1681 .
226 1617 343 1700 coepit.
389 1614 504 1680 XXV.
528 1614 603 1679 Iam
627 1616 691 1680 hoc
714 1635 781 1681 non
803 1614 973 1699 ignoretis,
994 1614 1134 1695 iudices,

225 1728 267 1787 ut
281 1721 382 1786 etiam
392 1720 516 1785 bestiae
526 1720 614 1787 inmo
628 1720 774 1787 menites
785 1719 981 1811 plerumque
997 1720 1039 1785 ad
1050 1740 1136 1789 'eum

225 1826 349 1908 locum,
374 1826 433 1891 ubi
458 1833 571 1912 pastae
593 1826 667 1895 sint
696 1826 886 1911 aliquande,
911 1832 1134 1895 revertantur.

228 1930 281 1995 68.
306 1930 460 2009 Staienus
481 1930 539 1997 illc
551 1931 692 1997 ’biennio
714 1938 792 1998 ente
813 1952 915 2016 quam
930 1951 1064 2007 causam
1078 1931 1135 1997 ιιο-ι

227 2056 348 2101 norum
362 2034 478 2101 Seiinii
492 2024 622 2101 Atellae
633 2036 819 2121 recepisset,
832 2035 987 2103 sescentis
999 2035 1134 2101 milibus

227 2163 369 2207 numum
388 2161 424 2207 se
445 2141 609 2207 iudicium
630 2148 868 2226 corrupturum
890 2162 959 2208 esse
982 2141 1132 2207 dixerat:

226 2269 312 2332 quae
327 2269 433 2332 quum
447 2248 625 2331 accepisset
638 2267 660 2312 a
674 2246 812 2332 pupillo,
829 2248 1029 2333 suppressit:
1047 2247 1135 2313 iudi-

227 2355 342 2439 cioque
356 2353 444 2419 lactc
457 2372 520 2419 nec
535 2351 659 2419 Safinio
673 2372 735 2419 nec
753 2353 916 2437 bonorum
931 2354 1134 2439 emptoribus
1180 2432 1183 2439 Δ

226 2459 382 2525 reddidit.
428 2457 538 2538 Quam
559 2479 666 2543 quum
687 2459 863 2544 ρθοιιιιίιιιι
883 2459 1082 2544 profudisset
1099 2466 1134 2527 et

227 2566 288 2629 sibi
311 2565 394 2653 nilril
417 2585 485 2631 non
506 2564 605 2631 mode
627 2564 670 2631 ad
691 2564 888 2649 cupiditates
908 2585 997 2647 suas,
1013 2565 1070 2633 sed
1089 2586 1134 2631 ne

226 2670 271 2733 cd
294 2669 523 2734 necessitatem
551 2670 687 2755 quidem
717 2670 914 2755 reliquisset,
943 2672 1061 2739 statuit
1090 2672 1134 2736 ad

145 2831 149 2838 .
227 2773 360 2842 easdem
383 2794 452 2839 esse
476 2774 538 2839 sibi
559 2776 698 2860 praedas
721 2796 761 2845 ac
780 2778 1023 2863 suppressiones
1049 2776 1133 2841 iudi·

227 2879 326 2957 ciales
348 2880 592 2947 revertendum.
638 2882 758 2967 Itaque
784 2904 890 2968 quum
915 2882 1133 2968 Oppianicum
1269 2906 1271 2911 ·

226 2985 293 3050 iam
315 2985 482 3071 perditum
502 2993 538 3056 ct
559 2988 690 3057 dnobus
712 2990 903 3073 iugulatum
923 2988 1133 3074 praeiudiciis

226 3092 365 3175 videret,
379 3093 545 3178 promissis
559 3114 639 3159 eum
653 3095 721 3159 suis
744 3096 900 3161 excitavit
919 3094 1134 3175 obiectumst

227 3198 327 3276 simul
341 3199 441 3265 saluti
456 3199 629 3284 desperare
643 3201 762 3267 vetuit.
805 3202 1004 3287 Oppianicus
1020 3207 1134 3271 autem

228 3323 321 3370 orare
335 3304 505 3369 hominem
525 3306 644 3389 coepit,
658 3311 699 3370 ιιι
720 3306 781 3370 sibi
803 3308 965 3374 rationem
985 3307 1133 3373 ostende-

228 3412 280 3471 ret
300 3407 415 3473 iudicii
436 3410 679 3493 corrumpendi.
725 3410 779 3475 69.
803 3410 865 3477 Ille
888 3418 1012 3494 eutem,
1033 3434 1134 3498 quem

229 3508 274 3587 cd
286 3510 424 3580 modum
437 3530 479 3581 ex
493 3511 564 3596 ipso
579 3512 757 3597 Oppianice
774 3522 888 3600 postes
901 3523 952 3583 est
966 3519 1135 3603 auditum,
