2667 4034
415 317 626 361 cram-11.
667 301 701 369 ἐς
723 301 849 359 atr-32.
1052 302 1089 361 17

182 486 416 551 vociferatione
439 492 572 553 mortua
596 490 657 552 est.
704 486 749 551 Et
775 480 929 551 ad'banc
949 492 1089 551 mortem

183 598 255 655 tam
273 592 479 677 repentinam
493 612 654 676 vocesque
677 593 848 659 morientis
866 593 977 657 omnia
1000 614 1090 677 prae·

113 698 118 704 ’
183 704 286 779 terea,
302 718 387 782 quae
404 698 510 763 solent
524 718 593 763 esse
614 698 738 763 indicia
760 704 795 763 et
807 698 946 783 vestigia
959 700 1089 780 veneni,

175 804 219 879 ¹in
243 798 333 868 illius
359 810 509 869 mortuae
534 824 675 889 corpore¹
693 804 841 869 fuerunt.
897 803 1089 888 Eodemque

102 995 105 999 ι
181 930 310 976 veneno
326 909 363 974 (l.
381 910 600 995 Oppianicum
614 910 751 975 fratrem
765 910 905 975 necavit.
951 909 1015 974 XI.
1033 909 1086 974 31.
1151 936 1153 941 ·

182 1015 299 1099 Neque
314 1021 364 1082 est
378 1016 441 1081 hoc
457 1016 554 1081 satis:
579 1016 710 1080 tametsi
724 1016 760 1080 in
774 1017 845 1100 ipso
856 1016 1002 1081 fraterno
1016 1036 1089 1100 par·

182 1122 281 1186 icidio
303 1122 437 1215 nullum
459 1121 567 1187 scelus
589 1122 858 1206 praetermissum
878 1123 1022 1204 videtur,
1040 1129 1088 1187 ta·

183 1247 271 1308 men,
286 1233 327 1291 ut
340 1227 384 1291 ad
406 1228 469 1293 hcc
490 1228 657 1292 nefarium
678 1228 807 1293 lacinus
822 1229 1004 1310 accederet,
1020 1228 1088 1292 adi-

182 1339 257 1397 tum
287 1334 347 1397 aar
376 1315 450 1398 ana
473 1334 651 1399 sceleribus
681 1340 758 1399 ante
787 1335 940 1399 munivit.
1001 1334 1088 1399 Nam
1118 1394 1121 1400 ,
1189 1324 1194 1333 ’

181 1459 288 1532 quum
311 1445 397 1503 esset
419 1440 557 1523 gravida
572 1440 697 1531 Auria,
714 1439 825 1504 fratris
846 1460 944 1521 uxor,
965 1446 999 1503 et
1021 1440 1088 1503 iam
1189 1506 1192 1513 ,

182 1546 444 1630 appropinquare
459 1553 575 1630 partus
597 1535 781 1630 putaretur,
803 1546 978 1611 mulierem
992 1566 1088 1611 vene-

114 1636 123 1654 ’
180 1671 226 1717 no
248 1651 425 1735 interfecit,
447 1658 488 1717 ut
508 1673 578 1717 una
603 1652 700 1733 illud,
716 1653 806 1736 quod
827 1659 899 1717 erat
921 1674 963 1717 ex
985 1654 1087 1718 fratre

112 1745 117 1753 ⁵
182 1764 389 1842 conceptum,
415 1765 600 1824 necaretur.
645 1757 727 1823 Post
751 1759 888 1824 fratrem
913 1760 1087 1843 adgressus
1122 1794 1125 1800 ·

181 1871 249 1930 est:
281 1866 340 1949 qui
365 1885 437 1931 sero
460 1866 528 1930 iam
551 1866 714 1930 exhausto
739 1864 798 1931 illo
826 1866 945 1950 poculo
971 1867 1086 1932 mortis

180 1992 288 2055 quum
313 1977 347 2036 et
373 1971 425 2035 de·
441 1960 502 2036 suo
520 1971 609 2035 etde
629 1971 744 2035 uxoris
767 1972 907 2036 interitu
929 1972 1087 2037 clamaret

179 2082 484 2160 testamentumque
506 2082 638 2141 mutare
652 2082 800 2161 cuperet,
816 2077 851 2140 in
872 2078 943 2160 ipsa
966 2077 1087 2161 signifi-

180 2165 433 2248 catione'huius
448 2181 628 2246 voluntatis
652 2188 703 2247 est
728 2188 890 2247 mortuus.
936 2181 992 2247 Ita
1015 2205 1086 2247 mu-

179 2290 306 2370 lierem,
322 2308 364 2353 ne
386 2293 485 2374 partu
500 2288 571 2352 eius
586 2288 628 2352 ab
650 2288 835 2353 hereditate
861 2286 1008 2351 fraterna
1031 2308 1086 2352 ex-

46 2423 51 2431 ·
180 2392 382 2475 cluderetur,
404 2394 555 2459 necarit:
579 2393 692 2457 fratris
714 2399 828 2457 autem
849 2392 968 2457 liberos
993 2395 1085 2477 prius

179 2500 249 2565 rita
270 2500 410 2584 privarit
424 2519 526 2583 quam
548 2497 597 2562 illi
622 2498 710 2561 hauc
736 2503 896 2561 a'natura
921 2499 1085 2583 propriam

177 2605 290 2671 lucem
305 2606 450 2690 accipere
466 2608 666 2689 potuerunt:
683 2608 723 2669 ut
737 2622 850 2668 omnes
864 2602 1085 2687 intelligerent

178 2710 263 2777 nibil
274 2713 305 2777 ci
320 2712 484 2791 clausum,
496 2708 580 2775 nihil
596 2716 748 2775 sanctum
759 2728 828 2775 esse
842 2730 946 2794 posse,
959 2730 978 2775 a
990 2712 1085 2785 cuius

179 2818 319 2882 audacia
338 2817 450 2881 fratris
471 2816 591 2881 liberos
604 2837 648 2881 ne
663 2816 805 2881 materni
826 2816 960 2900 quidem
975 2838 1086 2902 corpo

178 2924 225 2988 ris
254 2924 422 2989 custodiae
451 2929 563 3007 tegere
594 2921 786 3007 potuissent.
841 2922 894 2987 32.
926 2922 1085 2989 Memoria
1142 2910 1146 2919 ⁸

178 3036 275 3095 teneo
290 3029 452 3095 Milesiam
468 3028 648 3112 quamdam
662 3029 848 3109 mulierem,
859 3050 966 3112 quum
980 3049 1085 3093 essem

178 3136 213 3199 in
223 3136 314 3216 Asia,
326 3134 415 3219 quod
428 3135 468 3198 ab
484 3134 661 3199 heredibus
678 3135 829 3199 secundis
841 3139 974 3216 accepta
988 3119 1085 3216 pecu-

177 3241 235 3305 nia
256 3246 390 3324 partum
405 3240 466 3303 sibi
490 3239 560 3324 ipsa
584 3238 831 3304 medicamentis
849 3238 1020 3321 abegisset,
1036 3240 1085 3303 rei

177 3346 327 3430 capitalis
341 3333 411 3411 esse
428 3345 641 3411 damnatam:
667 3365 729 3409 nec
744 3343 877 3424 iniuria,
892 3364 977 3428 quae
993 3364 1084 3429 spem

157 3444 161 3450 ’
177 3452 335 3537 parentis,
349 3452 545 3517 memoriam
568 3450 723 3531 nominis,
739 3449 922 3514 subsidium
944 3451 1083 3533 generis,

176 3548 334 3623 li'eredem
347 3557 504 3639 familiae,
521 3557 732 3640 designatum
746 3555 795 3619 rei
814 3555 965 3638 publicae
980 3556 1084 3620 civem
1152 3570 1154 3573 ·

487 3661 558 3733 2⁶,
972 3669 981 3676 '
