2667 4034
381 346 453 389 cnr.
475 346 651 389 xu-xvn.
694 333 726 399 ἐξ
742 334 868 391 45-49.
1043 338 1081 396 25

166 520 318 603 tempore
343 516 477 584 infirma
497 517 691 583 valetudine
713 516 870 584 Habitus.
916 519 1081 588 Utebatur

165 629 281 687 autem
298 622 426 687 medico
445 623 594 706 ignobili,
611 624 669 689 sed
689 629 835 709 spectato
848 625 991 706 homine,
1009 627 1080 692 Ole-

165 728 336 813 ophanto:
362 729 458 794 ouius
480 750 614 794 sermm
635 729 817 813 Diogenem
843 730 1012 796 Fabricius
1037 734 1080 797 ad

163 853 334 898 venenum
348 834 475 900 Habito
490 836 640 900 dandum
657 854 714 919 spe
728 843 763 900 et
777 837 887 921 precio
902 838 1077 903 sollicitare

165 940 284 1025 eoepit.
333 938 456 1006 Servus
474 962 542 1006 non
555 941 733 1006 incallidus
755 949 800 1024 et,
815 950 855 1007 ut
872 964 924 1007 res
940 943 1009 1028 ipsa
1024 944 1078 1009 de-

165 1043 317 1128 claravit,
333 1046 423 1131 frugi
445 1053 546 1131 atque
567 1048 708 1131 integer,
729 1066 912 1113 sermonem
935 1049 1077 1114 Fabricii

163 1172 232 1217 non
258 1158 310 1217 est
332 1160 548 1237 aspernatus:
571 1174 644 1218 rem
667 1153 711 1217 ad
736 1154 908 1219 dominum
932 1154 1073 1221 detulit:

163 1257 393 1343 Cleophantus
420 1264 534 1323 certem
555 1278 634 1323 eum
659 1258 784 1324 Habito
808 1267 858 1324 est
880 1260 1073 1325 collocutus.

160 1362 309 1429 Habitus
333 1364 445 1429 statim
460 1384 539 1429 cum
559 1363 605 1428 ll.
622 1364 744 1429 Baebio
760 1371 922 1446 senatore,
936 1365 1075 1431 familia-
1190 1436 1194 1443 ,

160 1470 297 1535 sissimo
322 1489 395 1551 suo,
425 1470 702 1536 communicavit:
731 1470 791 1553 qui
820 1490 887 1555 qua
916 1470 993 1553 lide,
1008 1492 1075 1556 qua

159 1575 351 1661 prudentia,
378 1595 446 1659 qua
472 1575 645 1659 diligentia
673 1576 776 1641 fuerit
804 1577 991 1642 meminisse
1017 1598 1075 1643 vos

160 1681 314 1747 arbitror.
357 1673 400 1745 lli
411 1681 538 1767 placuit
548 1688 589 1747 ut
599 1680 783 1767 Diogenem
794 1681 939 1748 Habitus
949 1691 1075 1750 emeret

160 1806 181 1851 a
198 1786 413 1872 Cleophanto,
428 1808 496 1871 quo
515 1787 646 1853 facilius
666 1794 727 1853 aut
741 1789 1074 1873 comprehenderetur

158 1912 213 1958 res
230 1893 302 1958 eius
317 1893 440 1959 indicio
455 1900 516 1959 aut
530 1892 614 1959 falsa
627 1914 698 1959 esse
712 1902 975 1979 cognosceretur.
1022 1895 1072 1961 Ne

160 2000 292 2065 multa:
318 1999 483 2085 Diogenes
504 2000 646 2066 emitur:
670 2020 837 2066 venenum
859 2000 974 2065 diebus
994 2020 1073 2085 pou·

160 2104 208 2169 cis
225 2111 456 2190 comparatius
480 2105 580 2170 multi
593 2106 657 2169 viri
671 2106 749 2169 boni
763 2126 870 2189 quum
885 2125 927 2169 ex
942 2106 1072 2177 occulto

39 2263 43 2269 .
157 2211 427 2293 intervenissent,
452 2212 594 2297 pecunia
618 2211 801 2295 obsigrato,
823 2230 909 2294 quae
933 2210 974 2275 ob
998 2230 1072 2275 eam

157 2338 231 2381 rem
257 2316 409 2397 dabatur,
431 2317 468 2381 in
490 2318 645 2382 manibus
666 2315 860 2381 Scamandri
880 2316 989 2380 liberti
1010 2316 1071 2380 Fa·

116 2428 119 2432 ’
156 2423 342 2489 brieiorum
366 2422 636 2507 deprehenditur.
681 2422 735 2487 48.
750 2418 849 2487 ¹Proh
879 2421 914 2485 di
939 2421 1072 2487 immor-

157 2527 264 2595 tales!
290 2528 508 2614 Oppianicum
534 2528 710 2612 quisquam
732 2527 785 2591 his
808 2527 907 2591 rebus
931 2526 1070 2609 cognitis

158 2635 426 2700 circumventum
440 2633 634 2699 essedicett
672 2632 787 2697 XVII.
812 2632 894 2711 Quis
909 2653 1070 2717 umquam

158 2738 346 2805 audaciori
367 2741 444 2824 quis
468 2738 664 2806 nocentior?
691 2740 767 2823 quis
792 2740 937 2825 apertior
961 2740 997 2803 in
1020 2740 1070 2804 iu-

157 2846 287 2911 dicium
301 2846 467 2912 adductus
482 2844 560 2911 esti
606 2845 704 2924 Quod
726 2846 909 2930 ingenium,
924 2866 1009 2929 quae
1024 2846 1069 2910 sa·

159 2950 268 3016 cultas
282 2950 427 3033 dicendi,
438 2969 524 3036 quae
538 2971 743 3036 equaquam
757 2952 945 3035 excogitata
959 2947 1070 3016 defen-

157 3057 207 3122 sio
222 3056 304 3123 huic
322 3057 383 3123 uni
403 3057 535 3123 crimini
556 3057 669 3143 potuit
686 3055 867 3122 obsisteret
913 3055 1019 3120 Simul
1035 3062 1070 3119 et

156 3161 247 3228 illud
261 3162 336 3246 quis
355 3169 406 3229 est
426 3163 485 3248 qui
506 3156 637 3227 dubitet
657 3162 753 3246 quin,
767 3162 830 3227 hae
848 3180 884 3226 re
901 3165 1069 3243 comperta

158 3268 399 3353 manifesteque
418 3269 623 3354 deprehensa
641 3273 702 3332 erit
720 3265 872 3332 obeunda
887 3284 975 3329 mors
991 3262 1066 3329 Clu·
1163 3301 1166 3308 -

158 3376 252 3443 entio
266 3381 326 3440 aut
340 3374 550 3459 suscipienda
563 3373 729 3438 accusatio
743 3370 869 3435 fueriti

203 3480 258 3545 49.
283 3479 370 3546 Satis
385 3500 456 3545 esse
478 3480 619 3544 arbitror
641 3477 915 3557 demonstratum,
930 3475 1067 3557 iudices,

157 3588 200 3652 iis
226 3586 422 3652 criminibus
446 3591 641 3651 accusatum
666 3600 736 3648 esse
762 3578 990 3664 Oppianicum,
1016 3578 1067 3644 uti

468 3690 489 3753 3
948 3706 952 3713 .
