2667 4034
252 290 290 345 42
477 303 541 345 rno
562 302 593 343 n.
615 302 779 345 cnusnrro
801 302 933 345 onnrro.

249 492 327 555 pero
353 470 389 534 in
411 470 508 535 aedes
537 470 577 535 T.
608 471 724 551 Annii,
754 470 897 535 hominis
923 470 1158 551 honestissimi,

248 577 422 641 necessarii
447 584 481 642 et
506 578 606 643 amici
629 578 707 658 mci,
731 584 833 642 noctu
857 576 1023 657 Staienus,
1051 598 1155 641 areos·
1192 656 1196 661 Ι

249 684 332 747 situs
346 684 388 747 ab
403 683 581 768 Oppianico
594 683 697 747 venit.
743 682 817 747 Iam
837 689 967 749 caetere
981 692 1061 748 nota
1076 692 1156 748 sunt

248 790 421 854 omnibus:
445 794 486 853 ut
509 810 587 854 enm
609 788 668 854 illo
688 789 887 873 Oppianicus
912 789 1016 873 egerit
1036 791 1077 853 do
1100 812 1156 875 pe·
1245 784 1247 788 ’

247 896 358 976 cunia,
373 902 413 959 ut
426 895 483 959 ille
498 915 532 959 se
550 896 762 960 redditurum
781 916 851 960 esse
873 895 1006 976 dixerit,
1021 904 1061 960 ut
1075 917 1154 961 eum

247 1022 431 1066 sermonem
453 1001 621 1066 audierint
641 1022 775 1066 omnem
797 1001 861 1066 viri
884 1001 973 1082 boni,
997 1002 1055 1085 qui
1079 1010 1153 1066 tum

247 1107 398 1171 consulto
426 1114 560 1191 propter
588 1108 625 1172 in
652 1107 783 1172 occulto
812 1108 998 1173 stetissent:
1031 1115 1071 1171 ut
1100 1128 1153 1173 res

246 1214 410 1297 patefacta
431 1220 465 1279 et
486 1214 521 1277 in
543 1213 654 1278 forum
675 1213 804 1298 prolata
825 1220 859 1278 et
882 1202 1023 1297 pecunia
1045 1215 1152 1278 omnis

246 1339 267 1383 a
303 1319 437 1385 Staieno
473 1327 604 1385 extorta
640 1327 739 1403 atque
765 1325 879 1405 erepta
914 1320 967 1383 sit.
1014 1318 1150 1383 XXIX.

246 1425 358 1490 Huius
388 1425 512 1490 Staieni
541 1446 681 1510 persona
706 1425 827 1510 populo
853 1426 921 1490 iam
946 1432 1025 1491 nota
1051 1432 1151 1509 atque

246 1540 415 1617 perspecta
435 1532 477 1595 ab
498 1532 596 1596 nulla
614 1531 705 1615 turpi
728 1531 911 1615 suspicione
932 1531 1150 1595 abhorrebat:

246 1660 453 1723 suppressam
474 1659 544 1703 esso
564 1640 606 1703 ab
627 1659 668 1703 eo
687 1639 874 1723 pecuniam,
889 1658 991 1722 quam
1012 1658 1071 1722 pro
1093 1658 1151 1713 reo

246 1745 504 1828 pronunciasset,
523 1745 582 1828 qui
604 1750 701 1809 erant
725 1745 762 1808 in
785 1745 949 1825 contione,
969 1764 1036 1808 non
1055 1743 1152 1808 intel-

245 1849 400 1932 ligebant.
446 1846 562 1934 Neque
591 1852 681 1916 enim
714 1850 928 1915 docebantur.
974 1849 1152 1915 Versatam

245 1975 314 2019 esse
337 1956 372 2021 in
395 1957 519 2022 iudicio
542 1956 745 2021 mentionem
767 1957 927 2041 pecuniae
954 1956 1151 2037 sentiebant,

244 2062 454 2129 innocentem
468 2084 563 2128 reum
582 2064 840 2129 condemnatum
859 2063 1055 2127 audiebant:
1078 2062 1151 2127 Ste-

243 2169 310 2233 ieni
325 2171 489 2234 sententia
503 2171 760 2235 condemnatum
774 2170 948 2234 videbant:
966 2190 1032 2233 non
1047 2168 1151 2253 gratis

242 2278 279 2341 id
308 2278 349 2341 ab
378 2298 417 2343 eo
447 2277 572 2341 factum
602 2296 684 2357 esse,
708 2277 798 2359 quod
827 2276 996 2363 hominem
1017 2280 1150 2356 norant,

242 2383 445 2447 iudicabant.
491 2382 615 2447 Similis
636 2381 673 2446 in
693 2382 812 2462 Bulbo,
831 2382 868 2446 in
888 2381 1005 2463 Gutta,
1020 2382 1055 2445 in
1076 2381 1150 2445 aliis

242 2489 427 2553 nonnullis
447 2489 589 2573 suspicio
608 2488 816 2552 consistebat.
864 2486 916 2553 79.
940 2486 1058 2570 Itaque
1074 2507 1150 2553 eon·

216 2670 220 2676 ¹
242 2594 480 2658 iiteor-licet
501 2595 591 2658 enim
612 2594 681 2657 iam
702 2594 849 2677 impune,
871 2594 933 2659 hoe
955 2594 1151 2678 praesertim

242 2700 278 2762 in
304 2698 387 2779 loco,
411 2698 623 2780 confiteri-7
645 2700 736 2783 quod
762 2699 932 2784 Oppianici
957 2720 1023 2763 non
1049 2699 1149 2763 modo

242 2804 322 2883 vita,
337 2804 511 2871 sedetiam
531 2824 652 2869 nomen
674 2812 751 2869 anto
774 2804 859 2869 illud
881 2812 1012 2889 tempus
1026 2805 1157 2889 populo

242 2900 394 2991 ignotum
414 2910 540 2990 fuisset,
567 2910 834 2994 indignissimum
857 2932 954 2996 porro
978 2912 1150 2975 videretur

243 3014 505 3080 circumventum
533 3036 603 3080 esse
639 3015 850 3081 innocentem
879 3017 1032 3101 pecunia,
1062 3016 1149 3080 hene

242 3122 360 3187 deinde
386 3122 605 3206 suspicionem
633 3128 771 3205 augeret
801 3121 927 3186 Staieni
955 3121 1149 3206 improbitas

242 3238 276 3293 et
298 3250 366 3293 non
388 3228 561 3293 nullorum
583 3228 656 3292 eius
682 3228 842 3300 similium
866 3227 1018 3291 iudicum
1044 3228 1149 3311 turpi-

241 3334 335 3412 tudo,
350 3353 484 3398 causam
505 3338 754 3415 autem-ageret
775 3332 814 3397 1..
839 3333 1028 3413 Quinctius,
1049 3333 1159 3413 homo

241 3458 347 3519 quum
360 3458 492 3500 summa
505 3444 665 3520 potestate
687 3438 856 3521 praeditus
871 3445 946 3502 tum
961 3438 1004 3501 ad
1018 3440 1149 3503 inflem-
1249 3502 1251 3505 ,

241 3542 379 3604 mandes
393 3541 519 3605 animos
528 3541 754 3605 multitudinis
769 3544 1048 3625 accommodatus,
1060 3566 1150 3609 sum·
