2667 4034
223 260 261 316 12
446 272 511 316 ruo
531 273 563 315 A.
585 272 747 315 oaurnrro
770 272 901 316 orario.
953 307 956 316 .

158 455 160 458 ’
222 465 272 511 co.
311 444 357 509 Μ.
381 444 507 509 Aurius
530 443 794 509 adolescentulus
813 443 900 509 bello
920 443 1043 511 Italico·
1059 466 1135 529 oap-

223 557 278 615 tus
302 550 391 635 apud
415 550 579 614 Asculum
603 550 640 613 iu
667 548 707 626 Q.
733 548 840 633 Sergii
866 542 1036 632 senatoris,
1059 550 1134 615 eius

224 658 282 741 qui
296 657 384 721 inter
402 656 535 721 sicarios
556 656 732 720 damnatus
753 661 814 737 est,
830 644 948 720 manus
966 656 1084 720 incidit
1099 662 1135 720 et

225 762 315 847 apud
339 761 476 827 eumin
500 761 665 845 ergastulo
690 760 765 825 fuit.
812 760 993 826 Numerius
1019 768 1136 825 autem

224 869 351 932 Aurius
371 867 473 932 frater
496 868 567 931 eius
587 873 739 931 mortuus
760 872 810 931 est
828 867 1050 951 heredemque
1069 867 1132 931 On.

225 974 374 1057 Magium
404 974 540 1037 fratrem
565 973 710 1056 reliquit,
757 971 877 1037 Postea
906 971 1018 1057 Magia
1046 994 1136 1038 uxor

194 1065 195 1068 Ἴ
226 1079 398 1165 Oppianici
421 1085 553 1144 mortua
577 1085 644 1144 est:
669 1084 846 1172 postremo,
867 1100 957 1143 unus
978 1080 1035 1162 qui
1060 1079 1135 1143 reli·

227 1206 313 1269 quus
329 1191 399 1249 erat
413 1185 560 1249 Dinaeae
571 1184 673 1264 filius,
687 1184 747 1248 On.
762 1183 892 1267 Magius
904 1191 954 1249 est
969 1190 1133 1249 mortuus.

223 1290 261 1355 ls
274 1292 431 1357 heredem
446 1291 524 1356 lecit
537 1290 636 1355 illum
656 1290 898 1355 adolescentem
916 1291 1137 1375 Oppianicum

228 1397 347 1462 sororis
369 1418 449 1462 suae
470 1396 744 1479 filiumeumque
768 1396 884 1481 partiri
907 1417 985 1460 cum
1007 1396 1137 1461 Dinaea

227 1510 332 1569 matre
354 1504 462 1567 iussit.
508 1501 648 1566 Interim
669 1502 761 1566 venit
783 1502 883 1565 index
907 1502 951 1565 ad
973 1502 1137 1567 Dinaeam

228 1628 337 1691 neque
357 1608 515 1682 obscurus
535 1627 642 1691 neque
662 1600 821 1689 incertus,
837 1608 895 1690 qui
915 1608 1089 1673 nunciaret
1104 1609 1136 1673 ei

228 1712 336 1777 filium
351 1713 434 1794 eius,
450 1711 495 1775 M.
512 1713 669 1794 Aurium,
684 1713 793 1778 vivere
813 1719 846 1777 et
861 1714 897 1777 in
912 1734 990 1797 agro
1007 1712 1136 1779 Gallico

230 1839 298 1883 esse
327 1818 364 1882 in
397 1818 565 1883 servitute.
622 1818 675 1882 22.
714 1818 837 1882 Mulier
866 1819 993 1883 amissis
1022 1819 1136 1884 liberis

230 1948 335 2011 quum
357 1926 457 1994 unius
485 1926 703 2010 recuperandi
726 1926 790 1989 filii
822 1946 893 2010 spes
924 1932 1136 1991 esset-osten-

229 2040 310 2114 tata,
326 2049 535 2097 omnessuos
557 2032 756 2117 propinquos
776 2030 902 2113 filiique
924 2032 975 2095 sui
990 2052 1136 2097 neeessa-

229 2140 295 2204 rios
310 2140 501 2204 convocavit
511 2145 546 2203 et
556 2139 597 2202 ab
612 2138 660 2203 eis
675 2138 758 2201 flens
768 2138 895 2221 petivit,
907 2144 947 2202 ut
961 2139 1136 2221 negocium
1168 2124 1171 2128 ’

230 2247 444 2331 susciperent,
459 2243 699 2308 adolescentem
721 2243 967 2331 investigarent,
989 2244 1050 2308 sibi
1072 2265 1136 2309 res-

229 2354 391 2416 tituerent
420 2352 511 2414 eum'
527 2348 646 2430 filium,
677 2368 778 2432 quem
813 2354 924 2414 tamen
954 2372 1061 2415 unum
1094 2372 1136 2415 ex

230 2458 344 2522 multis
376 2456 511 2521 fortuna
541 2455 709 2538 reliquum
735 2474 804 2519 esse
830 2454 997 2519 voluisset.
1043 2455 1136 2521 Haeo

230 2584 335 2647 quum
350 2582 446 2645 agere
458 2561 668 2637 instituisset,
681 2579 834 2644 oppressa
848 2560 961 2627 morbo
977 2568 1036 2625 est.
1072 2561 1137 2624 Ita

230 2688 295 2751 que
310 2672 553 2749 testamentum,
564 2665 642 2729 fecit
665 2665 736 2729 eius
758 2664 859 2745 modi,
875 2671 916 2729 ut
929 2666 979 2732 illi
994 2666 1062 2731 filio
1077 2666 1136 2731 HS

232 2788 312 2835 occo
335 2770 428 2834 milia
447 2769 583 2853 legaret,
599 2770 755 2835 heredem
774 2770 963 2835 institueret
983 2773 1138 2860 eumdem

231 2877 329 2939 illum
355 2875 582 2960 Oppianicum,
609 2882 762 2960 nepotem
793 2897 901 2939 suum.
947 2877 1059 2961 Atque
1085 2878 1138 2942 his
1204 2880 1208 2889 ’

233 2982 348 3047 diebus
362 2981 476 3066 paucis
491 2986 541 3045 est
560 2976 703 3045 mortua.
749 2981 930 3065 Propinqui
950 2988 1061 3047 tamen
1075 2983 1138 3064 illi,

232 3110 331 3173 quem
353 3088 564 3153 admodum
587 3088 663 3151 viva
689 3087 817 3152 Dinaea
842 3088 1066 3170 instituerant,
1090 3090 1138 3154 ita

231 3202 364 3260 mortua
385 3195 444 3285 illa
466 3194 508 3258 ad
530 3193 798 3277 investigandum
820 3193 1037 3278 M.'Auriu1n
1061 3215 1140 3267 eum
1196 3200 1197 3203 ’
1223 3267 1226 3272 ,

233 3302 349 3365 eodem
374 3301 432 3364 illo
457 3300 566 3364 indice
596 3300 632 3363 in
662 3319 781 3381 agrum
809 3298 976 3363 Gallicum
1002 3301 1140 3384 profecti

234 3411 322 3468 sunt.
368 3402 466 3466 VIII.
501 3403 553 3466 23.
588 3401 728 3466 Interim
755 3402 965 3487 Oppianicus,
991 3410 1031 3468 ut
1057 3412 1140 3488 erat,

235 3509 333 3572 sicuti
348 3529 390 3573 ex
405 3508 520 3575 multis
535 3507 634 3572 rebus
648 3507 828 3591 reperietis,
844 3508 1004 3592 singulari
1019 3510 1141 3577 scelere
