2667 4034
231 297 270 353 82
455 308 518 350 rno
541 309 571 349 s.
594 307 756 350 cnunrmo
780 306 910 349 osnrro.

230 479 429 560 innocentia,
454 479 579 562 quales,
603 485 643 543 ut
668 498 745 544 vere
771 479 891 560 dicam,
913 499 971 546 vos
995 481 1084 563 estis,
1105 486 1140 547 et

231 586 362 666 caeteri,
396 585 453 668 qui
487 586 557 650 sine
590 585 771 670 cupiditate
804 585 971 667 vixerunt,
1011 587 1139 670 equites

231 691 339 755 ordini
369 692 532 757 senatorio
563 691 722 775 dignitate
755 691 932 776 proximos,
964 693 1139 756 concordia

231 799 514 863 coniunctissimos
545 819 615 863 esse
645 799 806 882 cupiunt:
832 797 889 862 sed
918 798 954 879 ii,
980 800 1038 883 qui
1068 820 1138 864 seso

230 904 348 968 volunt
371 924 463 988 posse
490 905 601 968 omnia
626 923 734 988 neque
760 911 929 989 praeterea
955 905 1139 988 quidquam

231 1029 300 1075 esse
324 1015 384 1074 eut
404 1010 440 1074 in
460 1010 593 1075 homine
612 1000 683 1077 ullo
704 1015 763 1073 aut
785 1009 821 1073 in
843 1010 968 1090 ordine,
983 1010 1046 1074 hoc
1068 1031 1137 1074 uno

229 1121 323 1180 metu
346 1136 380 1180 se
402 1121 523 1200 putant
544 1116 672 1200 equites
697 1114 863 1180 Romanos
885 1115 921 1178 iu
944 1121 1139 1200 potestatem

231 1241 325 1285 suam
348 1221 551 1303 redacturos,
575 1221 603 1285 si
627 1222 845 1290 constitutum
871 1227 932 1302 est,
956 1219 996 1284 u't
1020 1221 1060 1285 de
1084 1222 1137 1302 iis,

230 1327 289 1411 qui
315 1348 387 1392 rem
409 1328 616 1410 iudicarent,
631 1328 770 1392 huiusce
797 1327 887 1392 modi
913 1327 1036 1391 iudicia
1064 1327 1138 1391 fieri

176 1515 179 1521 Ι
230 1435 364 1518 possint.
405 1432 533 1499 Vident
548 1434 637 1498 enim
652 1433 882 1498 auctoritatem
896 1433 998 1498 huius
1013 1433 1137 1498 ordinis

230 1537 436 1603 confirmari:
452 1523 572 1603 'vident
586 1539 711 1602 iudicia
725 1538 947 1623 comprobari:
968 1539 1030 1602 hoc
1042 1545 1137 1603 metu

223 1645 392 1738 ‚proposito
415 1644 553 1709 evellere
577 1664 610 1709 se
629 1644 785 1709 aculeum
807 1645 988 1708 severitatis
1008 1651 1136 1710 vestrae

229 1769 322 1834 posse
352 1748 533 1816 confidunt.
591 1749 666 1814 153.
708 1749 789 1828 Quis
819 1751 908 1814 enim
933 1751 973 1815 de
1003 1751 1136 1816 homine

230 1854 352 1918 audeat
375 1855 487 1939 paullo
508 1856 689 1920 maioribus
712 1857 828 1941 opibus
850 1857 997 1941 praedito
1011 1877 1088 1921 vere
1103 1863 1144 1948 et¹

229 1960 534 2043 fortiteriudicare,
556 1984 662 2046 quum
678 1963 795 2028 ¹videat
821 1963 881 2026 sibi
908 1963 948 2028 de
975 1983 1025 2044 eo,
1048 1963 1136 2047 quod

230 2067 344 2132 coierit
370 2073 429 2131 aut
455 2069 667 2149 consenserit,
689 2089 823 2133 causam
841 2089 913 2148 ,esse
938 2068 1135 2133 dicendam?

229 2171 320 2237 LVI.
346 2173 469 2238 Oviros
484 2174 596 2255 fortes,
607 2175 733 2257 equites
748 2173 927 2255 Romanos
936 2175 994 2257 qui
1010 2174 1136 2240 homini

230 2278 409 2343 clarissimo
439 2299 477 2344 ec
507 2279 744 2364 potentissimo,
775 2279 820 2343 M.
852 2279 973 2361 Druso,
1002 2281 1136 2344 tribuno

230 2383 332 2466 plebis
353 2384 559 2466 restiterunt,
582 2405 690 2467 quum
712 2384 770 2450 ille
795 2384 882 2448 nihil
908 2384 1000 2448 aliud
1024 2391 1137 2467 ageret
1200 2394 1205 2406 “

229 2515 308 2558 cum
329 2493 388 2558 illa
411 2501 542 2575 ennete,
564 2514 649 2578 quae
676 2499 751 2558 tum
776 2499 859 2574 erat,
874 2493 1055 2573 nobilitate,
1071 2492 1136 2556 nisi
1203 2493 1207 2498 “

229 2601 291 2681 uti,
304 2602 362 2683 qui
377 2623 448 2666 rem
460 2602 674 2681 iudicassent,
682 2601 821 2683 huiusce
837 2600 927 2664 modi
938 2599 1137 2682 quaestioni-

229 2705 291 2787 bus
314 2707 349 2769 in
370 2707 532 2771 iudicium
553 2713 762 2772 vocarentur.
817 2706 913 2770 Tunc
939 2705 976 2770 Ο.
1000 2704 1136 2768 Flavius

229 2810 342 2892 Pusio,
367 2811 427 2875 On.
451 2812 631 2895 Titinnius,
659 2812 697 2878 O.
726 2813 910 2893 Maecenas,
936 2811 994 2876 illa
1020 2812 1137 2875 robora

228 2918 341 3002 populi
367 2917 510 2983 Romani
536 2919 722 3003 caeterique
746 2918 895 2983 eiusdem
917 2917 1053 2997 ordiniS,
1070 2937 1136 2980 non

228 3024 379 3088 fecerunt
393 3025 494 3106 idem,
510 3025 600 3108 quod
625 3045 716 3089 nunc
740 3024 925 3104 Cluentius,
947 3028 988 3086 ut
1010 3021 1137 3104 aliquid

229 3129 345 3214 culpae
360 3132 524 3216 suscipere
540 3151 574 3195 se
591 3136 748 3215 putarent
762 3129 957 3211 recusando,
974 3128 1030 3194 sed
1048 3147 1137 3211 aper-

228 3237 352 3302 tissime
378 3245 618 3322 repugnarunt,
645 3258 751 3320 quum
775 3238 858 3302 haec
885 3241 1077 3300 recusarent
1103 3240 1137 3298 et

227 3341 337 3425 palam
358 3342 533 3407 fortissime
558 3349 656 3426 atque
680 3341 907 3406 honestissime
931 3340 1079 3404 dicerent
1102 3359 1135 3403 sc

227 3449 372 3529 potuisse
387 3449 511 3514 iudicio
531 3450 644 3534 populi
667 3448 811 3513 Romani
833 3449 871 3513 in
896 3446 1137 3532 amplissimum

179 3559 185 3568 '
228 3550 338 3614 locum
353 3554 535 3636 pervenire,
549 3555 577 3618 si
602 3574 663 3619 sua
685 3555 796 3619 studia
811 3555 854 3620 ad
869 3555 1010 3619 honores
1026 3559 1136 3638 peten-
