2667 4034
443 337 515 381 cur.
536 338 644 379 1.-111.
686 323 718 389 ἓξ
733 324 822 381 4-8.
1072 325 1090 383 5
1158 408 1164 415 .

177 527 346 594 peroraro,
373 508 510 588 tum,-si
535 508 617 591 quid
643 508 707 573 erit
732 510 958 593 praeteritum,
983 511 1092 576 animo
1158 586 1163 596 Ι

177 613 367 699 requiratis.
425 612 489 678 ΠΙ.
515 613 545 681 7.
585 614 655 699 Ego
685 636 750 698 me,
780 617 916 698 iudices,
946 618 989 681 ad
1019 639 1093 683 eam

178 718 315 787 causam
337 720 503 802 accedere,
519 742 604 805 quae
626 722 775 808 iamper
798 743 900 789 annos
922 730 996 788 octo
1018 744 1092 788 con-

177 828 289 891 tinuos
316 846 359 891 ex
387 827 553 891 contraria
582 814 675 912 parte
705 829 862 893 audiatur
892 835 991 911 atque
1021 828 1092 913 ipsa

178 932 332 1017 opinione
359 913 543 998 hominum'
561 934 663 999 tacita
687 954 786 1018 prope
813 935 962 999 convicta
992 940 1092 1018 atque

178 1040 337 1103 damnata
353 1040 406 1121 sit,
418 1039 515 1129 facile
528 1040 678 1124 intelligo
691 1064 712 1129 εΚ
724 1041 781 1105 sed
797 1040 825 1106 si
839 1041 898 1124 qui
912 1042 995 1105 mihi
1010 1040 1091 1106 deus

177 1151 324 1210 vestram
350 1144 394 1209 ad
417 1164 471 1210 me
497 1145 704 1211 audiendum
733 1147 995 1229 benevolentiam
1018 1168 1093 1211 con·

179 1246 312 1332 ciliarit,
329 1242 469 1315 efficiam
484 1252 640 1335 prolecto,
656 1250 907 1337 ut'intelligatis
921 1254 1006 1317 nihil
1022 1248 1091 1319 esse
1109 1322 1111 1325 ,

178 1357 306 1433 homini
328 1363 398 1421 tam
420 1358 607 1422 timendum
630 1378 732 1441 quam
751 1359 922 1440 invidiam,
938 1360 1022 1423 nihil
1043 1361 1093 1423 in-

179 1463 313 1527 nocenti
347 1468 499 1547 suscepta
526 1462 653 1527 invidia
679 1469 749 1526 tam
778 1463 962 1547 optandum
991 1484 1092 1547 quam
1186 1541 1190 1548 ⁵

181 1590 327 1653 aequum
348 1568 524 1650 iudicium,
539 1569 627 1653 quod
650 1569 687 1633 iu
708 1569 770 1633 hoc
793 1590 860 1635 uno
877 1569 1018 1653 denique
1034 1569 1092 1633 fal-

181 1696 236 1740 sae
251 1675 407 1740 infamiae
422 1674 498 1739 finis
513 1675 616 1758 aliqui
639 1682 739 1758 atque
761 1675 872 1739 exitus
894 1675 1089 1759 reperiatur.

181 1782 436 1859 Quamobrem
456 1800 578 1864 magna
598 1801 652 1845 me
675 1802 747 1865 spes
770 1787 871 1871 tenet,
891 1782 918 1845 si
940 1802 990 1862 ea,
1006 1802 1090 1865 quae

180 1893 261 1952 sunt
290 1888 468 1968 incensa,
494 1887 658 1972 explicare
686 1894 785 1971 atque
815 1889 926 1952 omnia
952 1887 1090 1952 dicendo

181 1994 337 2081 consequi
358 1998 508 2077 potuero,
522 1993 613 2071 hunc
628 1992 739 2057 locum
755 2014 1008 2077 consessumque
1022 2012 1091 2059 ves·
1161 2008 1163 2013 ·

180 2107 284 2180 trum,
310 2120 411 2183 quem
435 2098 486 2161 illi
505 2098 697 2163 horribilem
717 2099 759 2163 A.
784 2099 938 2165 Cluentio
964 2120 1002 2164 ac
1029 2100 1091 2164 for—

180 2205 380 2270 midolosum
408 2205 477 2270 fore
507 2189 720 2290 putaverunt,
748 2226 825 2270 eum
855 2207 990 2270 tandem
1020 2207 1091 2271 eius

180 2312 334 2377 fortunae
348 2312 488 2376 miserae
502 2313 714 2397 multumque
736 2313 876 2377 iactatae
899 2319 1032 2397 portum
1052 2335 1090 2378 ac

180 2417 371 2503 perfugium
391 2417 556 2482 futurum.
603 2418 634 2482 8.
658 2419 805 2481 Tametsi
820 2418 986 2503 permulta
1001 2426 1090 2501 sunt,

180 2545 267 2609 quae
292 2515 390 2606 mihi‚'
413 2531 490 2589 ante
517 2545 617 2609 quam
643 2526 684 2589 de
709 2544 809 2588 causa
833 2525 917 2606 dico,
941 2525 981 2588 de
1006 2546 1091 2589 com-

144 2681 147 2685 .
181 2632 339 2696 munibus
358 2631 504 2696 invidiae
528 2631 684 2716 periculis
708 2630 855 2695 dicenda·
869 2651 937 2696 esse
960 2632 1092 2697 videan-

180 2744 248 2819 tur,
273 2738 396 2820 tamen,
425 2758 468 2809 ne
496 2737 624 2801 diutius
653 2738 800 2802 oratione
830 2737 905 2802 mea
935 2760 1091 2823 suspensa

181 2844 366 2929 expectatio
387 2849 497 2908 vestra
519 2849 684 2928 teneatur,
706 2843 880 2927 adgrediar
902 2845 944 2913 ad
967 2832 1091 2909 crimen

180 2940 259 3014 cum
280 2950 339 3013 illa
362 2938 601 3033 deprecatione,
616 2950 754 3031 ludicen,
770 2971 837 3034 qua
857 2950 938 3014 mihi
961 2952 1090 3034 saepius

178 3056 345 3136 utendum
360 3076 428 3120 esse
443 3056 605 3140 intelligo,
621 3057 667 3121 sic
687 3062 727 3120 ut
750 3077 802 3120 me
825 3056 979 3135 audiatis,
996 3056 1090 3139 quasi

180 3162 242 3225 hoc
261 3168 409 3245 tempore
432 3162 514 3226 haec
537 3183 637 3227 causa
658 3163 805 3247 primum
828 3161 969 3240 dicatur,
992 3161 1090 3224 sicuti

181 3266 316 3347 dicitur,
336 3288 404 3331 non
423 3269 518 3350 quasi
539 3288 633 3353 saepe
655 3269 723 3331 iam
748 3267 837 3331 dicta
857 3271 890 3330 et
906 3274 1091 3349 numquam

179 3374 316 3458 probata
331 3374 385 3437 sit.
431 3373 602 3457 Hodierno
618 3375 707 3439 enim
728 3374 780 3437 die
803 3374 949 3457 primum
971 3363 1093 3437 veteris'

178 3480 276 3550 istius
291 3480 438 3544 criminis
454 3481 603 3546 diluendi
617 3486 760 3565 potestas
771 3486 821 3543 est
836 3480 925 3558 date,
937 3484 1013 3542 ante
1029 3479 1090 3543 hoo

179 3591 311 3671 tempus
327 3605 418 3652 error
434 3588 472 3652 in
492 3588 555 3651 hac
578 3605 678 3651 causa
701 3590 799 3667 atquo
821 3583 947 3647 invidia
961 3590 1092 3649 versata·

488 3692 536 3757 1*
