2667 4034
364 309 371 320 ·
432 286 503 329 ear.
525 287 639 329 n-Lr.
682 271 714 339 ἐξ
730 271 893 330 139-142.
1078 272 1115 330 75

204 462 369 540 quantum
395 476 466 521 esse
495 461 680 521 commotus
707 455 838 522 dieitur.
897 455 972 521 141.
996 456 1115 541 Itaque

203 563 241 625 in
263 561 489 645 respondendo
515 562 661 646 primum
686 562 838 646 exposuit
864 563 1038 644 utriusque
1065 583 1114 624 ra-

204 670 329 733 tionem
355 668 522 752 temporis,
553 674 594 732 ut
623 669 728 732 oratio
753 688 796 733 ex
825 689 861 733 ro
888 675 921 733 et
947 689 988 733 ex
1015 689 1114 734 eausa

204 775 318 839 habita
350 774 531 854 videretur,
563 774 683 838 deinde
716 781 757 840 ut
788 775 973 859 intelligere
1006 782 1114 859 posset

204 881 343 961 Brutus,
368 901 468 964 quem
489 881 657 945 hominem
680 886 714 946 et
740 903 806 946 non
829 881 936 946 solum
957 903 1024 965 qua
1050 881 1114 946 elo

204 987 352 1070 quentia,
369 1007 488 1050 verum
505 987 605 1051 etiam
625 1007 691 1070 quo
711 987 821 1072 lepore
841 993 876 1052 et
895 988 1015 1070 quibus
1029 988 1113 1051 saeo-

203 1093 258 1156 tiis
276 1094 464 1176 praeditum
483 1092 676 1173 lacessisset,
691 1099 757 1156 tres
775 1093 842 1177 ipse
861 1079 1017 1158 exeitavit
1034 1094 1113 1158 roei-

203 1205 326 1264 tatores
356 1219 434 1262 eum
463 1198 602 1282 singulis
631 1198 762 1274 libellis,
789 1219 871 1280 quos
897 1198 942 1262 M.
974 1198 1111 1279 Bruttia,

203 1311 297 1388 pater
325 1304 416 1367 illius
445 1304 655 1384 accusatoris,
679 1304 720 1367 de
746 1304 818 1367 iure
848 1303 937 1368 civili
966 1304 1109 1385 reliquit.

203 1409 330 1474 Eorum
350 1410 447 1473 initia
470 1431 576 1493 quum
598 1409 830 1490 recitarentur,
853 1429 893 1474 ea
914 1429 999 1492 quae
1020 1409 1111 1472 vobis

203 1522 284 1579 nota
313 1535 382 1579 esse
412 1515 571 1580 arbitror:
599 1515 712 1579 Foarn
737 1531 868 1596 nvnmr,
893 1531 937 1578 ur
965 1531 1045 1577 eurr
1074 1531 1110 1576 m

203 1620 410 1683 Pnrrnarnrr
428 1637 575 1684 manum
595 1637 659 1684 neo
681 1638 721 1684 ur
743 1620 877 1685 Barrus
900 1637 1019 1702 rmum,
1037 1620 1111 1684 fun-

204 1728 286 1792 dum
315 1728 542 1819 Privernatem
570 1727 761 1811 flagitabat:
793 1727 833 1792 ΙΝ
863 1729 1002 1792 Anemo
1032 1745 1111 1792 aaa·

203 1851 272 1898 uus
296 1850 360 1898 neo
385 1852 424 1897 nr
446 1834 583 1897 Bnurus
606 1851 726 1915 rurus,
744 1817 914 1899 Albanum
933 1835 1106 1919 poscebat:

202 1938 243 2002 IN
276 1955 403 2002 'l'IBUBTl
436 1955 540 2002 FORTB
573 1955 667 2011 QUUM
700 1955 946 2002 aasamssuuus
976 1957 1039 2004 EGO
1069 1957 1109 2002 ΕΤ
1133 1985 1135 1990 -
1229 1983 1233 1990 ·

202 2044 337 2108 Barrus
369 2061 489 2123 murno,
519 2043 695 2108 Tiburtem
725 2042 868 2106 fundum
898 2045 1105 2126 requirebat:

202 2151 347 2214 Brutum
371 2157 495 2229 autem,
519 2149 690 2214 hominem
716 2147 906 2231 sapientem,
933 2149 1022 2229 quod
1047 2149 1108 2212 filii

193 2245 385 2339 'nequitiam
409 2255 547 2336 rideret,
571 2274 655 2338 quae
682 2253 817 2338 praedia
841 2253 872 2317 ei
896 2252 1107 2335 relinqueret,

151 2453 153 2455 ι
201 2362 370 2428 testificari
402 2363 544 2426 voluisse
577 2361 726 2425 dicebat:
766 2360 854 2443 quod
889 2360 917 2458 si
949 2360 1108 2442 potuisset

200 2469 337 2534 honeste
355 2468 496 2532 seribere
511 2487 545 2532 se
564 2468 600 2531 in
618 2467 743 2531 balneis
759 2487 836 2530 eum
853 2466 888 2528 id
906 2465 1022 2529 aetatis
1040 2465 1108 2530 filio

200 2575 313 2655 fuisse,
345 2595 411 2638 non
440 2574 670 2658 praeterisset:
703 2593 759 2638 eas
790 2592 823 2636 se
855 2578 966 2636 tamen
997 2572 1037 2635 ab
1068 2592 1107 2636 oo
1172 2579 1177 2590 ¹

199 2680 334 2746 balneas
359 2702 427 2745 non
453 2701 495 2745 ex
521 2680 614 2744 libris
641 2679 753 2764 patria,
778 2679 834 2743 sed
862 2699 903 2742 ex
929 2679 1050 2744 tabulis
1074 2685 1108 2744 et

200 2806 242 2850 ox
272 2807 374 2871 censu
400 2807 569 2871 quaerere.
617 2787 753 2851 Crassus
782 2791 857 2850 tum
886 2785 933 2849 ita
963 2786 1107 2851 Brutum

199 2891 293 2956 ultus
315 2899 376 2974 est,
399 2900 439 2958 ut
465 2894 563 2957 illum
584 2893 784 2958 recitationis
812 2913 890 2958 suae
912 2875 1104 2976 poeniteret.

200 2999 336 3065 Moleste
359 3000 448 3064 enim
470 2999 606 3064 fortasse
632 2998 755 3064 tulerat
778 3021 812 3064 se
834 3000 869 3062 in
891 2999 932 3060 iis
955 2999 1107 3063 orationi-

199 3107 262 3170 bus
283 3106 531 3189 reprehensum,
549 3125 631 3189 quas
655 3105 703 3188 de¹
716 3126 751 3171 re
774 3105 906 3189 publiea
927 3103 1106 3183 habuisset,

198 3213 235 3276 in
259 3212 380 3296 quibus
402 3199 540 3276 forsitan
565 3211 671 3295 magis
696 3212 885 3294 requiratur
911 3209 1104 3274 constantia.

142 3331 145 3337 '
199 3316 275 3382 142.
299 3318 372 3401 Ego
398 3324 510 3382 autem
533 3317 592 3380 illa
618 3317 754 3381 recitata
779 3335 848 3382 esse
875 3337 941 3380 non
964 3308 1106 3379 'moleste

198 3424 279 3490 fero.
334 3422 449 3506 Neque
476 3423 565 3487 enim
591 3422 713 3486 abillo
739 3427 896 3505 tempore,
919 3421 1008 3504 quod
1033 3427 1107 3484 tum

198 3535 281 3612 erat,
310 3548 418 3611 neque
448 3528 489 3592 ab
518 3547 558 3591 ea
587 3546 696 3604 eausa,
720 3545 805 3607 quae
835 3529 908 3589 tum
938 3525 1106 3608 agebatur,
