2667 4034
429 319 499 362 cur.
520 320 636 362 111.-v.
678 306 709 372 §t
725 306 830 363 8-12.
1068 308 1087 367 ⁷

175 490 364 576 praesentia
378 490 457 567 satis
471 489 579 555 facere
594 510 662 555 non
673 496 822 574 potuero,
834 496 946 557 tamen
960 492 1087 557 multae

114 584 118 589 ⁴
175 598 258 663 mihi
270 596 313 663 nd
325 596 404 660 satis
415 595 605 661 faciendum
616 595 744 680 reliquo
755 603 901 681 tempore
913 596 1086 663 facultates

176 702 366 769 dabuntur:
392 701 546 767 Cluentio
561 701 625 765 nisi
639 722 730 767 nunc
746 703 825 767 satis
840 703 960 784 fecero,
975 710 1088 787 postea

175 809 258 875 mihi
280 808 359 875 satis
384 806 528 872 faciendi
537 813 690 891 potestas
715 828 782 873 nou
800 808 874 873 erit.
921 808 1029 875 Simul
1054 815 1087 874 et
1150 884 1156 896 ·

175 913 262 995 illud
276 913 352 996 quis
366 912 490 995 estqui
505 911 657 979 dubitare
675 913 802 994 debeat,
818 920 939 979 contra·
953 914 1086 979 damna-

175 1026 250 1085 tum
265 1026 299 1085 et
313 1025 485 1085 mortuum
494 1040 555 1103 pro
568 1019 729 1086 incolumi
744 1026 777 1085 et
791 1042 850 1105 pro
860 1021 937 1085 rivo
948 1020 1085 1087 diceret

174 1147 282 1209 quum
291 1124 509 1208 illi,iuquem
518 1125 1086 1210 dicitur,da1nnatioomn'eignomi·

173 1232 250 1298 niae
262 1230 527 1315 perieulumiam
537 1230 720 1312 abstulerit,
732 1252 907 1297 morerere
918 1232 1019 1297 etiam
1031 1230 1086 1299 do

173 1336 253 1402 loris
266 1336 354 1401 ahio
368 1342 493 1417 autem,
504 1356 565 1419 pro
578 1356 645 1419 quo
660 1335 814 1417 dicimus,
826 1336 909 1401 nihil
925 1337 1026 1420 possit
1041 1336 1086 1401 of-

173 1442 332 1508 fensionis
347 1442 494 1527 accipere
509 1442 580 1506 sine
595 1441 803 1507 acerbissimo
815 1440 917 1505 animi
933 1461 1032 1505 sensu
1047 1460 1086 1506 ac

173 1538 326 1615 molestie
340 1555 374 1614 et
388 1549 459 1643 sine
474 1569 604 1613 summo
619 1549 778 1613 dedecore
792 1548 880 1613 vitae
897 1554 930 1611 et
945 1546 1086 1631 turpitu-

174 1654 277 1721 dine·
310 1653 363 1719 11.
386 1655 498 1738 Atque
520 1660 561 1718 ut
579 1653 772 1737 intelligatis
801 1652 995 1719 Cluentium
1017 1672 1085 1717 non

173 1762 378 1827 accusatorio
402 1761 524 1842 animo,
548 1780 615 1825 non
639 1760 857 1825 ostentatione
888 1758 1000 1844 aliqua
1026 1762 1085 1823 aut
1109 1801 1114 1811 ·

130 1952 133 1956 .
172 1867 280 1951 gloria
301 1866 497 1947 adductum,
513 1865 571 1930 sed
592 1864 726 1930 nefariis
749 1864 891 1947 iniuriis,
910 1863 1084 1929 cotidianis

171 1973 313 2049 insidiis,
329 1972 494 2057 proposito
512 1978 589 2036 ante
610 1971 723 2036 oeulos
743 1971 830 2035 vitae
851 1969 1010 2054 periculo,
1028 1990 1085 2034 no

171 2099 251 2143 men
266 2079 436 2163 Oppianici
451 2078 619 2158 detulisse,
635 2077 747 2160 paullo
762 2076 894 2159 longius
910 2076 1084 2141 exordium

171 2184 222 2249 rei
238 2184 511 2249 demonstrandae
533 2189 662 2268 petam:
680 2182 770 2267 quod
792 2200 925 2264 quaeso,
945 2180 1083 2260 iudices,

171 2310 214 2355 ne
240 2289 377 2355 moleste
399 2290 582 2373 patiamini.
628 2288 805 2372 Principiis
828 2286 917 2351 enim
944 2284 1084 2368 cognitis

171 2396 280 2461 multo
295 2395 425 2460 facilius
440 2401 589 2460 extrema
601 2394 804 2477 intelligetis.

217 2502 260 2566 V.
286 2500 328 2565 A.
358 2501 533 2566 Cluentius
551 2499 697 2563 Habitus
719 2498 796 2579 fuit,
817 2504 908 2581 pater
933 2496 1083 2576 huiusce,

97 2601 100 2606 ’
171 2608 310 2690 iudices,
325 2608 425 2672 homo
439 2628 507 2671 non
523 2605 632 2670 solum
653 2604 826 2688 municipii
848 2602 1026 2683 Larinatis,
1041 2621 1083 2667 ex

171 2735 239 2798 quo
262 2719 346 2790 erat,
361 2712 419 2777 sed
442 2713 543 2778 etiam
566 2710 710 2795 regionis
735 2710 827 2774 illius
850 2715 883 2774 et
905 2709 1084 2775 vicinitatis
1199 2772 1203 2780 ,
1316 2696 1322 2711 ”

170 2820 306 2901 virtute,
329 2819 582 2899 existimatione,
604 2817 778 2882 nobilitate
800 2816 896 2881 facile
919 2816 1081 2901 princeps.

170 2923 205 2989 Is
219 2947 326 3009 quum
340 2930 426 2989 esset
440 2930 594 2989 mortuus
609 2922 704 2987 Sulla
719 2929 752 2987 et
767 2923 923 3007 Pompeio
944 2920 1084 2987 consuli·

170 3032 243 3111 bus,
273 3030 410 3114 reliquit
438 3030 528 3095 hunc
557 3050 660 3094 annos
690 3050 735 3093 xv
764 3035 893 3108 natum,
925 3027 1084 3109 grandem

171 3144 284 3202 autem
310 3144 345 3201 et
370 3137 520 3211 nubilem
544 3136 669 3200 filiam:
701 3156 786 3219 quae
815 3134 907 3197 brevi
937 3138 1083 3214 tempore

107 3226 110 3233 ¹
170 3250 244 3329 post
267 3244 368 3328 patris
392 3250 534 3309 mortem
551 3243 664 3326 nupsit
679 3241 720 3305 A.
737 3239 844 3304 Aurio
859 3236 993 3318 Melino,
1010 3255 1084 3301 con-

172 3351 304 3416 sobrino
328 3372 401 3432 suo,
417 3348 616 3415 adolescenti
626 3348 667 3411 in
689 3346 815 3430 primis,
830 3349 871 3409 ut
892 3349 967 3407 tum
988 3340 1084 3440 habe
1147 3371 1152 3389 ι

110 3456 114 3462 ’
170 3459 281 3541 batur,
297 3459 384 3524 inter
399 3479 475 3522 suos
490 3464 525 3522 et
538 3458 675 3520 honesto
690 3459 724 3517 et
738 3451 851 3516 nobili.
898 3450 952 3515 12.
971 3447 1084 3525 Quum

171 3573 282 3633 essent
297 3585 355 3631 eae
375 3564 511 3648 nuptiae
533 3561 650 3645 plenae
674 3557 856 3639 dignitatis,
871 3555 987 3638 plenae
1009 3572 1083 3617 con-
