2667 4034
376 332 446 377 cnr.
466 332 661 375 xum-xm.
703 316 734 383 §S
750 316 870 373 49-52.
1042 298 1087 377 27'

170 504 300 569 tribus:
325 502 496 567 Venenum
511 518 590 565 esse
604 518 867 567 amanuensem:
889 502 1000 567 omnia
1014 503 1081 568 tela

170 611 276 675 totius
290 608 510 673 accusationis
523 608 560 671 in
575 607 794 692 Oppianicum
809 608 1080 691 conficiebantur,

171 715 382 801 aperiebatur
400 734 503 779 causa
522 714 731 795 insidiarum,
746 713 975 779 Fabriciorum
989 714 1081 779 iami-

169 821 299 886 liaritas
310 820 640 901 commemorabatur,
653 820 796 885 hominis
810 821 880 885 vite
894 826 928 885 et
942 820 1081 886 audacia

170 928 410 1012 proferebatur,
426 926 568 1009 denique
590 925 697 991 omnis
719 927 884 991 accusatio
898 927 989 992 varie
1009 948 1081 1011 [rm-

169 1035 323 1117 riterqne
336 1024 489 1113 tractata,
505 1032 547 1096 ad
565 1038 754 1098 extremum
774 1032 948 1098 manifeste
962 1034 1080 1099 veneni

171 1140 429 1224 deprehensione
458 1139 615 1204 conclusa
639 1146 701 1204 est.
747 1138 800 1204 51.
825 1139 890 1205 Hic
916 1160 976 1225 ego
1004 1147 1080 1206 tum

171 1246 216 1309 ad
238 1244 504 1329 respondendum
525 1245 674 1311 surrexi:
699 1264 766 1328 qua
788 1265 881 1327 cura,
897 1246 931 1309 di
948 1246 1080 1311 immor·

172 1350 274 1418 tales!
297 1372 365 1435 qua
379 1351 600 1417 sollicitudine
616 1349 737 1417 animi!
754 1372 820 1434 quo
834 1350 972 1417 timore!
990 1350 1079 1415 Sem·

170 1478 231 1543 per
256 1458 411 1541 equidem
435 1477 556 1541 magno
583 1477 661 1522 cum
687 1462 780 1521 metu
805 1456 926 1540 incipio
949 1457 1077 1522 dicere:
1099 1470 1103 1479 '

170 1565 468 1648 quotienscumque
483 1563 568 1644 dico,
583 1563 705 1628 totiens
722 1563 803 1627 mihi
818 1562 931 1628 videor
945 1562 981 1627 in
995 1562 1080 1627 iudi·

171 1671 263 1735 cium
277 1670 389 1735 venire
404 1690 471 1734 non
485 1669 611 1753 ingenii
626 1669 746 1749 solum,
759 1669 817 1733 sed
831 1669 931 1733 etiam
945 1669 1079 1733 virtutis

171 1784 271 1860 atque
287 1776 396 1856 officii,
411 1796 454 1839 ne
470 1780 529 1839 aut
550 1774 586 1839 id
606 1774 753 1859 profiteri
767 1775 891 1855 videar,
907 1776 997 1859 quod
1011 1796 1079 1841 non

170 1882 293 1967 possim
306 1881 455 1966 implere,
471 1880 560 1964 quod
575 1887 625 1945 est
638 1880 876 1964 impudentiae,
888 1889 948 1946 aut
961 1902 1029 1947 non
1043 1882 1079 1945 id

171 1989 311 2069 efficere,
325 1987 416 2071 quod
437 1987 569 2071 possim,
584 1986 674 2070 quod
697 1992 747 2051 est
769 1994 828 2052 aut
848 1986 1003 2071 perfidiae
1019 1995 1079 2053 aut

171 2094 402 2177 negligentiae.
447 2092 537 2156 Tum
550 2112 629 2157 vero
642 2093 691 2157 ita
711 2114 786 2156 sum
800 2093 1023 2177 perturbatus,
1038 2100 1079 2159 ut

171 2200 282 2264 omnia
301 2200 472 2263 timerem:
497 2198 524 2261 si
546 2198 631 2262 nihil
654 2197 821 2278 dixissem,
837 2217 879 2262 nc
903 2197 1078 2263 inimrtissi-

171 2330 266 2372 mus:
291 2308 319 2371 si
341 2306 450 2378 multa
470 2306 506 2371 in
527 2306 600 2370 eius
619 2305 709 2401 modi
732 2325 833 2370 causa
853 2304 1020 2386 dixissem,
1036 2325 1078 2369 ne

171 2412 477 2497 impudentissimus
498 2412 715 2476 existimarer.
761 2409 858 2474 XIX.
885 2409 1010 2493 Collegi
1024 2430 1078 2475 mc

172 2519 351 2603 aliquando
364 2526 398 2583 et
418 2519 466 2583 ita
487 2518 656 2597 constitui,
671 2518 800 2581 fortiter
815 2537 884 2581 osse
900 2517 1077 2601 agendum,
1105 2590 1111 2597 ,

171 2626 223 2689 illi
238 2626 350 2704 aetati,
365 2645 432 2708 qua
445 2631 520 2689 tum
535 2644 637 2704 eram,
653 2623 757 2687 solere
771 2622 865 2688 laudi
880 2624 963 2705 dari,
978 2625 1077 2690 etiam

172 2732 251 2795 siin
265 2732 376 2795 minus
389 2730 493 2794 firmis
517 2730 626 2794 causis
647 2729 822 2794 hominum
842 2730 996 2814 periculis
1011 2752 1077 2797 non

172 2838 361 2901 defuissem.
407 2835 525 2918 Itaque
546 2836 628 2900 feci:
653 2836 699 2900 sie
729 2837 885 2920 pugnavi,
913 2837 958 2902 sic
988 2839 1078 2903 omni

171 2944 301 3007 ratione
315 2942 480 3022 contendi,
496 2942 543 3006 sic
558 2941 600 3005 ad
623 2941 735 3005 omnia
755 2942 899 3025 confugi,
914 2950 1077 3027 quantum

171 3070 234 3132 ego
248 3048 384 3131 adsequi
398 3047 503 3131 potui,
515 3047 661 3111 remedia
672 3068 710 3111 ac
725 3048 875 3131 perfugia
890 3067 1076 3127 causarum,

65 3184 73 3201 ·
169 3162 213 3219 ut
234 3154 308 3233 hoe,
328 3153 417 3237 quod
443 3152 559 3217 timide
579 3153 699 3231 dicam,
721 3158 917 3217 consecutus
941 3152 1014 3228 sim,
1034 3173 1076 3217 ne

170 3260 247 3343 quis
268 3260 318 3323 illi
340 3278 460 3324 causae
482 3266 659 3343 patronum
682 3258 823 3322 defixisse
846 3257 1074 3321 arbitraretur.

170 3367 226 3431 52.
251 3365 315 3430 Sed
329 3372 371 3429 ut
391 3365 554 3449 quidquid
576 3386 636 3449 ego
656 3364 948 3449 apprehenderam,
965 3365 1076 3429 statim

170 3480 342 3539 accusator
362 3473 580 3556 extorquebat
603 3492 621 3537 e
643 3469 807 3535 menibus.
854 3469 889 3534 Si
911 3470 1076 3553 quaesive-

169 3598 244 3643 ram
252 3596 337 3661 quae
348 3576 539 3640 inimicitiae
551 3575 752 3639 Scamandro
764 3594 842 3639 cum
851 3574 986 3655 Habito,
998 3574 1076 3641 fate·
