2667 4034
338 325 410 368 car.
430 326 667 369 xnm-xnrx.
708 311 740 379 ἐξ
764 312 927 371 132-136.
1046 303 1082 374 71

128 540 130 544 -
173 516 318 559 usurum
339 514 410 559 esse
430 515 508 560 eum
528 516 589 561 suo
610 497 819 562 testimonio:
843 497 962 564 deinde
979 521 1084 583 quum

173 621 272 665 nemo
306 583 421 665 contra
454 601 588 682 diceret,
617 602 714 667 iussit
743 622 869 685 equum
897 604 1081 670 traducere.

173 705 292 790 Itaque
314 707 356 788 is,
370 706 467 771 cuius
487 707 623 772 arbitrio
645 714 680 772 et
701 708 842 792 populus
863 707 1033 774 Romanus
1050 717 1085 776 et

174 819 308 876 exterae
334 818 449 896 gentes
476 817 649 877 contentae
679 833 748 878 esse
778 821 986 896 consuerant,
1015 817 1083 902 ipse

174 937 237 982 sua
263 918 400 982 seientia
426 918 469 981 ad
499 918 714 1002 ignominiam
743 918 879 1000 alterius
909 927 1083 987 contentus
1117 935 1119 940 '
1160 997 1163 1004 Ι

173 1046 241 1089 non
268 1025 343 1089 fuit.
390 1024 488 1102 Quod
511 1025 539 1089 si
559 1025 622 1090 hcc
643 1024 768 1092 Habito
791 1027 898 1092 facere
924 1026 1082 1110 licuisset,

172 1131 269 1195 acne
290 1130 357 1196 uns
379 1115 459 1216 ipsis
479 1131 647 1195 radicitus
666 1137 702 1195 et
724 1131 825 1197 falsae
848 1133 1024 1216 suspicioni
1049 1139 1084 1200 a

172 1236 316 1301 invidiae
339 1236 541 1321 populariter
555 1237 717 1301 excitatae
738 1221 919 1302 restitisset.

217 1341 292 1406 135.
316 1341 434 1408 Unum
455 1343 555 1408 etiam
576 1347 638 1423 est,
659 1340 749 1424 quod
771 1361 824 1406 me
846 1343 989 1409 maxime
1011 1363 1082 1428 per

171 1447 299 1529 turbat,
329 1447 384 1512 cui
414 1447 487 1513 loco
516 1447 712 1532 respondere
743 1446 800 1510 vix
831 1447 945 1512 videor
977 1469 1082 1532 posse,

172 1552 263 1636 quod
290 1553 439 1636 elogium
462 1552 608 1618 recitasti
637 1552 678 1618 de
708 1557 904 1618 testamento
931 1552 992 1617 On.
1019 1553 1082 1638 Eg-

172 1657 257 1722 natii
289 1658 404 1741 patris,
435 1657 579 1722 hominis
610 1658 830 1723 honestissimi
863 1658 1015 1724 videlicet
1048 1666 1082 1724 ot

173 1763 423 1848 sapientissimi:
442 1764 565 1830 idcirco
579 1785 614 1830 se
629 1764 844 1830 exheredasse
859 1764 979 1845 filium,
992 1765 1081 1850 quod

172 1869 201 1933 is
227 1869 268 1934 ob
293 1868 465 1954 Oppianici
490 1870 797 1935 condemnationem
825 1872 1001 1954 pecuniam
1030 1892 1081 1936 ac-

173 1974 320 2059 cepisset.
366 1973 418 2038 De
448 1975 544 2039 cuius
572 1975 715 2040 hominis
744 1976 878 2042 levitate
907 1984 941 2042 et
969 1977 1080 2043 incon·
1176 2015 1183 2028 ·

173 2079 295 2144 stantia
320 2079 418 2162 plura
442 2100 510 2163 non
532 2080 660 2145 dicam:
687 2080 751 2145 hoc
773 2087 1009 2147 testamentum
1034 2082 1080 2166 ip

172 2206 260 2266 sum,
282 2184 372 2268 quod
394 2185 525 2267 recitas,
545 2186 617 2251 eius
635 2186 870 2270 medicat-ut
886 2186 954 2265 ille,
975 2192 1098 2269 quum'

171 2311 251 2359 eum
276 2289 386 2362 filium
411 2275 638 2373 exheredaret,
666 2311 767 2375 quem
781 2291 922 2384 oderat,
951 2291 982 2356 ei
1010 2290 1083 2357 fflio
1113 2381 1116 2386 Ι

172 2397 349 2463 coheredes
363 2396 514 2462 homines
528 2397 745 2462 alienissimos
758 2399 966 2482 adiungeret,
980 2419 1082 2482 quem

172 2504 340 2588 diligebat.
388 2503 455 2569 Sed
475 2511 526 2586 tu,
540 2505 633 2586 Acci,
653 2505 849 2586 consideres,
865 2525 993 2587 censeo,
1009 2506 1080 2571 dili-

171 2616 302 2694 genter,
329 2615 447 2674 utrum
476 2630 650 2676 censorum
679 2610 842 2674 iudicium
871 2631 969 2696 grave
998 2611 1080 2676 velis

171 2735 241 2781 esse
262 2735 306 2780 au
328 2715 473 2799 Egnatii.
520 2715 557 2780 si
574 2715 720 2800 Egnatia
734 2715 807 2782 leve
827 2724 887 2800 est,
903 2718 991 2801 quod
1006 2738 1080 2783 cen-

171 2841 260 2886 sores
275 2821 316 2886 de
331 2822 467 2886 caeteris
483 2822 765 2907 subscripserunt:
787 2823 897 2908 ipsum
911 2825 1001 2890 enim
1017 2824 1079 2890 On.

170 2926 365 3010 Egnatium,
380 2947 480 3010 quem
501 2933 541 2992 tu
562 2948 697 3012 gravem
720 2949 789 2994 esse
812 2931 875 3012 vis,
896 2938 1081 2996 exsenatu

121 3053 126 3062 ·
170 3033 360 3097 eieceruntz·
384 3033 564 3098 sinautem
578 3054 762 3115 censorum,
777 3035 868 3099 hunc
886 3035 1082 3118 Egnatium,

168 3157 270 3221 quem
298 3144 392 3222 pater
418 3137 565 3204 censoria
590 3139 826 3224 subscriptione
856 3139 1081 3222 exheredavit,

168 3264 319 3309 censores
341 3245 377 3308 in
401 3250 528 3326 senatu,
554 3265 662 3328 quum
684 3250 812 3329 patrem
836 3243 1006 3326 eiicerent,
1029 3265 1078 3310 re-

167 3349 354 3415 tinuerunt.

211 3455 340 3520 XLIX.
387 3456 464 3522 136.
488 3456 535 3521 At
558 3457 647 3522 enim
670 3460 804 3521 senatus
829 3454 1002 3520 universus
1027 3456 1077 3520 iu·
1202 3475 1204 3480 ’

168 3563 295 3632 dicavit
322 3563 419 3629 illud·
441 3568 637 3646 corruptum
670 3580 741 3626 esse
771 3559 945 3624 iudicium.
1002 3561 1076 3640 Quo
