2667 4034
348 315 419 356 csr.
441 313 677 356 xtra-mun.
719 297 752 366 ἐξ
773 299 940 357 129-132.
1058 299 1094 357 69
1130 365 1133 372 .

180 485 342 548 invidiam
371 505 468 569 porro
497 504 653 568 magnam
681 483 740 549 illa
768 484 894 550 iudicia
926 490 1093 550 venerant

181 592 316 668 Etenim
346 593 459 675 paucis
484 599 597 675 postea
625 593 793 656 mensibus
823 592 888 656 alia
917 593 1093 656 vehemens

182 704 254 761 erat
276 697 312 770 in
336 697 469 760 iudiciis
491 717 532 760 ex
558 697 727 762 notatione
749 697 948 762 tabellarum
969 697 1094 762 invidia
1184 698 1192 712 '

180 809 322 867 versata.
368 803 594 867 Praetermitti
620 803 662 866 ab
693 804 880 868 censoribus
910 811 944 869 et
969 804 1093 888 negligi

181 907 314 972 macula
336 907 537 972 iudiciorum
551 927 645 992 posse
660 929 728 972 nou
746 907 931 972 videbatur.
978 907 1093 974 Homi-
1165 893 1167 898 ¹

180 1034 251 1094 nes,
267 1033 349 1096 quos
371 1014 509 1078 caeteris
526 1013 617 1077 vitiis
636 1019 737 1097 atque
759 1014 849 1078 omni
868 1013 1025 1079 dedecore
1043 1015 1091 1078 in-

63 1131 68 1134 “
179 1121 284 1185 fames
315 1121 484 1202 ridebant,
514 1141 570 1186 cos
598 1121 662 1185 hac
691 1140 822 1203 quoque
852 1121 1090 1205 subscriptione

178 1232 294 1292 notare
323 1227 514 1308 voluerunt,
540 1231 575 1291 et
603 1245 643 1291 eo
671 1226 789 1309 magis,
814 1225 903 1308 quod
932 1226 991 1290 illo
1020 1225 1090 1310 ipso

178 1340 326 1418 temporo
348 1333 414 1398 illis
434 1333 623 1398 censoribus
643 1337 739 1397 erent
755 1331 880 1404 iudicia
899 1352 978 1397 cum
994 1352 1090 1416 eque-

179 1440 239 1503 stri
255 1439 370 1504 ordine
385 1439 641 1519 communicata,
652 1443 693 1502 ut
707 1437 900 1502 viderentur
914 1457 973 1522 per
986 1438 1089 1503 homi-

178 1566 263 1608 num
283 1545 479 1610 idoneorum
500 1544 718 1628 ignominiam
740 1563 801 1608 sua
820 1544 1018 1609 auctoritate
1039 1544 1089 1608 iu-

179 1651 266 1715 dicia
291 1651 547 1735 reprehendisse.
597 1649 673 1715 131.
699 1649 796 1728 Quod
827 1650 855 1714 si
883 1651 969 1715 hanc
1000 1650 1088 1735 apud

104 1806 108 1820 .
172 1757 311 1821 'eosdem
325 1757 411 1841 ipsos
427 1759 577 1822 censores
591 1749 674 1821 mihi
695 1763 754 1820 aut
770 1755 827 1820 alii
843 1776 976 1820 causam
992 1776 1088 1841 agere

177 1861 336 1943 licuisset,
350 1862 539 1927 hominibus
557 1862 617 1925 tali
637 1862 815 1946 prudentia
829 1863 985 1946 praeditis
1000 1869 1088 1954 certe

169 1969 418 2053 probavissem:
435 1989 488 2033 res
499 1963 588 2033 enim
599 1967 726 2032 indicat
739 1968 824 2032 nihil
838 1968 924 2052 ipsos
934 1969 1087 2032 habuisse
1129 2033 1135 2044 ,

178 2075 313 2158 cogniti,
328 2075 412 2139 nihil
428 2075 605 2158 comperti:
630 2093 672 2139 ex
688 2077 759 2139 tota
772 2068 837 2137 ista
852 2074 1087 2157 subscriptione
1116 2089 1122 2094 ’

177 2201 346 2245 rumorem
367 2180 546 2264 quomdam
568 2185 603 2244 et
628 2179 784 2264 plausum
803 2177 995 2263 popularem
1017 2197 1087 2242 esse

177 2285 377 2367 quaesitum.
415 2284 502 2348 Nam
513 2285 549 2348 in
560 2283 600 2350 P.
613 2283 791 2367 Popilium,
801 2282 859 2366 qui
871 2280 1087 2366 Oppianicum

178 2390 425 2472 condemnarat,
450 2389 643 2473 subscripsit
656 2388 695 2452 L.
714 2387 853 2469 Gellius,
869 2403 957 2460 ouon
979 2403 1010 2450 1s
1032 2403 1086 2448 Pn-

178 2513 309 2560 cuuuu
332 2484 541 2576 noenrlsssr,
568 2511 634 2569 ouo
658 2509 870 2558 quocmumr
893 2508 1088 2556 concauus·

176 2619 249 2666 aar.
265 2688 269 2693 .
291 2602 365 2666 Iam
378 2602 414 2666 id
429 2602 540 2686 ipsum
554 2607 699 2685 quantae
715 2599 925 2684 divinationis
940 2606 991 2665 est
1005 2600 1086 2666 sciro

176 2709 387 2773 innocentem
400 2707 503 2772 fuisse
518 2727 625 2788 reum,
636 2727 736 2790 quem
751 2706 888 2770 fortasse
903 2725 1086 2790 numquam

175 2814 315 2895 viderat,
331 2835 437 2897 quum
458 2814 609 2878 homines
630 2812 871 2897 sapientissimi,
891 2811 1029 2893 iudices,
1045 2818 1087 2878 ut

175 2919 259 2984 nihil
283 2920 391 2984 dicam
408 2920 449 2985 de
464 2920 516 3001 iis,
532 2919 590 3003 qui
605 2919 880 3000 condemnarunt,
898 2937 998 2983 causa
1012 2923 1095 3000 σος-Ι

174 3025 247 3089 nita
270 3025 330 3088 sibi
353 3013 511 3091 dixerunt
532 3046 600 3090 non
620 3022 775 3108 liquere?

220 3128 295 3194 132.
320 3130 451 3196 Verum
473 3137 553 3196 esto.
601 3129 808 3195 Condemnat
826 3127 993 3210 Popilium
1012 3125 1086 3191 Gel-
1193 3147 1197 3155 ’

174 3235 260 3302 lius:
280 3236 406 3302 iudicat
421 3237 582 3320 accepisse
595 3255 618 3315 a
633 3233 789 3300 Cluentio
802 3233 987 3318 pecuniam,
1022 3231 1085 3298 Ne
1116 3280 1117 3283 ,

174 3349 232 3426 gat
261 3339 324 3407 hoc
353 3342 526 3406 Lentulus.
572 3341 660 3405 Nam
690 3339 868 3424 Popilium,
894 3338 983 3422 quod
1013 3344 1085 3403 erat

173 3449 321 3531 libertini
340 3447 442 3529 filius,
458 3448 495 3511 in
515 3453 668 3512 senatum
689 3467 755 3511 non
772 3445 866 3530 legit,
880 3444 992 3509 locum
1013 3445 1084 3528 qui-

175 3555 252 3620 dem
275 3556 478 3639 senatorium
500 3553 590 3618 ludis
612 3559 646 3619 ot
669 3559 799 3618 caetera
820 3557 1014 3618 ornamenta
1035 3572 1084 3618 re-
