2667 4034
302 308 305 314 '
390 318 665 360 car.x111.-x1v.
707 302 739 369 §i
762 255 913 360 36-411'
1021 305 1091 361 ’21

108 528 115 533 -
186 490 249 554 tis:
273 510 342 554 non
364 488 421 553 ille
435 488 597 553 honorem
612 508 632 551 a
645 488 801 573 pueritia,
817 510 884 553 non
907 491 1017 554 studia
1031 490 1094 553 vir-

185 596 280 676 tutis,
307 616 375 659 non
398 594 508 659 ullum
534 594 785 658 existimationis
811 594 916 659 bonae
946 595 1094 661 fructum

185 721 348 783 umquam
358 701 519 783 cogitarat
530 699 587 763 sed
598 721 640 764 cx
652 699 816 783 petulanti
831 706 931 784 atque
946 701 1093 785 improbo

186 827 301 878 scurra
321 806 358 870 in
374 806 545 870 discordiis
568 806 709 870 civitatis
732 806 775 869 ad
797 826 870 871 cam
893 806 1093 887 columnam,

84 923 87 926 '
186 911 230 974 ad
260 933 361 995 quam
389 912 574 977 multorum
605 932 699 997 saepe
730 914 883 978 conviciis
914 914 1093 999 perductus

102 1059 106 1063 -
187 1024 270 1099 erat,
293 1025 370 1082 tum
396 1020 561 1103 suffragiis
585 1019 699 1103 populi
724 1026 928 1103 pervenerat.
975 1019 1092 1104 Itaque

185 1144 259 1188 rem
285 1145 362 1189 cum
390 1124 569 1209 Oppianico
593 1125 759 1207 transigit,
790 1126 965 1209 pecuniam
988 1126 1028 1189 ab
1052 1147 1091 1191 eo

185 1230 317 1315 accipit,
333 1250 468 1295 causam
491 1237 524 1295 et
546 1237 732 1315 susceptam
758 1236 792 1295 et
813 1230 1021 1296 manifestam
1044 1252 1093 1296 re-

185 1335 318 1418 linquit.
365 1335 504 1400 Actum
524 1326 561 1399 in
576 1335 747 1420 Oppianici
769 1356 868 1399 causa
891 1336 1016 1400 crimen
1030 1337 1093 1402 hoc

97 1482 101 1486 -
186 1441 396 1506 Asuvianum
411 1464 516 1525 quum
536 1441 676 1505 testibus
691 1441 806 1506 multis
821 1448 895 1505 tum
910 1461 986 1506 vero
1009 1442 1093 1505 indi-

185 1548 237 1611 cio
252 1547 368 1611 Avillii
384 1538 633 1632 comprobatur:
657 1548 694 1611 in
709 1554 774 1631 quo
797 1548 982 1630 adligatum
997 1548 1093 1633 Oppi·
1177 1548 1180 1553 ’

185 1654 272 1717 anici
287 1675 409 1718 nomen
432 1654 578 1738 primum
602 1675 671 1719 esse
697 1654 876 1735 constabat,
893 1655 976 1736 eius,
993 1676 1093 1738 quem

183 1780 242 1823 vos
257 1760 418 1824 miserum
440 1766 540 1843 atque
562 1761 772 1825 innocentem
793 1760 876 1825 falso
893 1762 1017 1827 iudicio
1032 1762 1093 1826 cir·
1114 1792 1118 1799 ·

185 1873 402 1929 cumventum
429 1887 498 1930 esse
524 1866 643 1929 dicitis.

229 1970 326 2034 XIV.
373 1972 427 2035 40.
460 1970 574 2061 Quid?
614 1973 723 2044 aviam
758 1983 864 2057 tuam,
903 1975 1091 2060 Oppianice,

85 2071 88 2073 ’
184 2075 358 2158 Dinaeam,
374 2078 482 2142 cuitu
506 2078 668 2159 esheres,
681 2084 777 2163 ‘pater
798 2086 879 2143 tuus
901 2102 967 2144 non
989 2081 1092 2144 mani-

184 2182 269 2246 festo
283 2182 438 2247 necavit?
462 2183 505 2247 ad
527 2204 630 2267 quam
651 2206 757 2269 quum
779 2185 971 2249 adduxisset
993 2186 1092 2249 medi-

112 2289 142 2350 ,’
184 2308 264 2352 cum
278 2288 374 2352 illum
386 2311 496 2370 suum,
509 2290 577 2353 iam
589 2291 760 2373 cognitum
772 2297 805 2355 et
816 2311 911 2374 saepe
921 2291 1091 2371 victorem,

134 2387 138 2394 ’
184 2414 243 2477 per
258 2415 357 2477 quem
371 2395 584 2459 interfecerat
598 2396 770 2479 plurimos
785 2396 906 2459 mulier
929 2395 1092 2460 exclamat

185 2520 219 2563 se
244 2500 285 2563 ab
312 2521 350 2565 eo
374 2502 467 2567 nullo
490 2502 589 2567 modo
615 2501 700 2567 velle
722 2502 842 2583 curari,
866 2523 931 2585 quo
955 2508 1090 2567 curante

185 2627 262 2670 suos
288 2628 401 2671 omnes
428 2609 631 2691 perdidisset.
679 2608 767 2672 Tum
790 2610 923 2692 repente
950 2607 1091 2673 Anconi-

183 2718 304 2775 tanum
328 2715 517 2795 quemdam,
543 2712 581 2777 L.
612 2714 778 2796 (llodium,
805 2715 1091 2799 pharmacopolam

184 2812 496 2900 circumforaneum,
512 2821 569 2903 qui
594 2840 674 2883 casu
700 2826 774 2884 tum
800 2818 961 2885 Larinum
988 2807 1091 2885 venis-

184 2929 245 3003 set,
261 2923 455 3007 adgreditur
474 2933 600 2990 etcum
615 2926 799 2991 eoduobus
821 2927 954 2991 milibus
969 2926 1040 3007 HS,
1056 2928 1091 2990 id

183 3028 274 3110 quod
288 3019 393 3113 ipsius
408 3031 531 3094 tabulis
545 3034 618 3095 tum
641 3038 693 3097 est'
715 3026 987 3113 demonstratum,
1003 3038 1091 3095 tran-

167 3222 170 3226 ·
185 3134 271 3216 sigit.
318 3132 357 3197 L.
376 3135 525 3217 Clodius,
539 3138 597 3219 qui
611 3144 811 3221 properaret,
828 3138 883 3200 cui
897 3137 969 3200 fora
984 3136 1091 3201 multa

183 3246 358 3322 restarent,
375 3240 475 3304 simul
492 3248 590 3325 atque
612 3243 822 3306 introductus
846 3247 906 3323 est,
922 3262 992 3305 rem
1015 3262 1090 3305 con·
1209 3256 1213 3267 ·

183 3344 281 3409 fecit:
317 3346 425 3429 prima
450 3346 581 3430 potione
606 3346 794 3409 mulierem⁴
809 3346 961 3429 sustulit,
982 3368 1101 3431 neque.
1186 3364 1196 3389 ⁰

183 3440 298 3535 postea
311 3450 427 3515 Larini
442 3446 606 3537 puuctum
620 3460 669 3517 est
685 3454 840 3536 temporis
856 3462 1087 3519 commoratus.

183 3554 238 3619 41.
261 3556 396 3621 ,Eadem
426 3557 488 3621 hac
517 3556 645 3621 Dinaea
672 3563 908 3622 testamentum
937 3559 1089 3641 faciente,
