2667 4034
235 268 294 326 104
360 244 366 254 ’
455 284 520 328 rao
542 285 575 327 A.
599 283 762 328 enunnnro
785 271 917 325 enarro.

234 455 326 535 dant,
342 459 464 518 utnon
478 451 587 518 solum
604 452 834 518 testimonium
852 472 952 516 suum
966 451 1143 515 indicium-

139 634 143 638 *
233 580 298 643 que
329 559 537 650 significent„
550 580 668 624 verum
695 559 795 622 etiam
826 577 941 622 curam
969 557 1073 646 animi
1102 575 1142 619 ac

234 665 391 730 dolorem.
429 663 522 742 Quae
534 664 616 727 dum
629 663 778 728 laudatio
793 663 965 742 recitatur,
973 683 1031 726 vos
1042 681 1142 744 quae·
1180 723 1185 729 .

234 793 281 852 so,
308 771 365 855 qui
395 791 469 835 eam
497 771 687 853 detulistis„
701 771 881 854 adsurgite.
947 768 1140 854 [LAUDAl'Io

233 894 387 941 monum
409 894 454 940 nx
480 893 698 940 nncoaronunt
723 893 933 940 mammon
948 859 1136 962 'nnonmo.]

233 982 308 1048 197.
336 982 389 1046 Ex
411 983 555 1047 lacrimis
578 983 711 1064 horum,
726 982 864 1064 iudices,
880 982 1067 1046 existimare
1085 1002 1141 1065 po-

199 1093 202 1097 ’
232 1088 336 1169 testis,
363 1073 484 1153 omnes*
505 1089 588 1153 haec
614 1089 808 1152 decuriones
838 1087 1018 1152 decrevisse
1046 1083 1141 1149 lacri-

232 1198 371 1257 mantes.
386 1191 389 1197 ’
416 1194 487 1278 Age
498 1193 588 1274 vero,
599 1194 785 1271 sicinorum
800 1199 964 1277 quantum
978 1191 1139 1273 studium,

232 1319 334 1381 quam
355 1299 556 1364 incredibilis
577 1300 816 1381 benevolentia,
832 1306 957 1383 quanta
974 1318 1055 1363 cura
1069 1296 1137 1364 est!

232 1406 308 1471 Non
330 1406 381 1470 illi
401 1408 438 1470 in
459 1407 579 1472 libellis
603 1407 830 1472 laudationem
855 1407 1021 1472 decretam
1045 1391 1140 1470 mise·
1188 1460 1190 1464 Α

232 1519 324 1594 runt,
347 1514 404 1578 sed
425 1514 574 1578 homines
593 1515 849 1596 honestissimos,
868 1536 950 1598 quos
970 1535 1140 1579 nossemus

232 1640 357 1702 omnes,
371 1620 439 1685 huc
453 1620 642 1704 frequentes
657 1621 770 1685 adesse
786 1629 825 1685 et·
841 1620 933 1684 hunc
954 1625 1140 1705 praesentes

231 1721 369 1790 laudare
394 1725 585 1795 voluerimt.
620 1727 766 1813 ¹Adsunt
793 1726 967 1807 Frentani,
991 1725 1139 1790 homines

230 1829 436 1911 nobilissimi,
449 1830 632 1896 Marrucini
646 1834 728 1897 item
742 1833 815 1917 pari
830 1833 1010 1916 dignitate:
1027 1831 1139 1896 Teano

231 1933 364 2018 Appulo
380 1941 479 2018 atque
496 1935 639 2002 Luceria
653 1939 782 2022 equites
797 1936 975 2018 Romanos,
989 1937 1138 2002 homines

230 2039 684 2123 honestissimos,laudatores
695 2043 829 2108 videtis:
847 2043 993 2108 Boviano
1003 2049 1138 2126 totoque

230 2164 273 2210 ex
284 2143 418 2215 Samnio
427 2169 534 2230 quum
543 2148 751 2214 laudationes
761 2151 1008 2215 honestissimae
1019 2151 1138 2214 missae

231 2257 310 2315 sunt
331 2257 405 2316 tum
426 2253 576 2318 homines
598 2254 791 2339 amplissimi
813 2256 1071 2340 nobilissimique
1084 2247 1139 2320 re

166 2426 170 2431 ,
229 2362 363 2420 nerunt.
409 2357 485 2422 198.
509 2359 583 2424 Iam
596 2361 655 2444 qui
669 2362 706 2425 in
721 2381 799 2444 agro
821 2360 971 2427 Larinati
992 2362 1138 2446 praedia,

230 2461 288 2544 qui
315 2465 462 2547 negocia,
488 2467 547 2550 qui
572 2487 625 2531 res
650 2469 821 2552 pecuarias
849 2468 983 2550 habent,
1009 2469 1138 2533 honesti

229 2567 378 2634 homines
404 2578 437 2636 et
467 2593 596 2638 summo
627 2574 799 2658 splendore
829 2575 980 2659 praediti,
1005 2573 1138 2638 difficile
1227 2623 1243 2654 .-

151 2749 164 2774 .
192 2735 195 2740 ,
230 2671 324 2735 dictu
338 2679 388 2737 est
398 2695 499 2758 qnam
514 2678 581 2743 sint
596 2679 739 2760 solliciti,
749 2700 851 2764 quam
863 2680 1025 2745 laborent.
1061 2678 1138 2744 Non

228 2774 328 2838 multi
349 2778 432 2842 mihi
455 2781 495 2844 ab
516 2803 586 2848 uno
608 2785 655 2848 sic
678 2785 773 2869 diligi
790 2785 957 2867 videntur,
971 2790 1013 2850 ut
1025 2785 1081 2852 hic
1096 2785 1140 2849 ab
1186 2772 1191 2784 ’

229 2878 281 2942 his
295 2881 468 2949 universis.
688 2881 692 2890 ’
708 2889 713 2897 “
945 2889 950 2898 ’
1211 2879 1219 2894 ’

271 2986 381 3054 LXX.
418 2979 526 3071 Quam
551 2996 645 3063 doleo
673 2999 784 3065 abesse
811 3001 852 3064 ab
881 3001 983 3065 huius
1012 3001 1137 3066 iudicio

227 3091 266 3157 L.
291 3093 523 3182 Volusienum,
549 3124 679 3168 summo
706 3105 878 3188 splendore
903 3107 1071 3173 hominem
1098 3127 1137 3171 ae

119 3193 124 3200 '
226 3200 351 3266 virtute
376 3207 574 3287 praeditum.
620 3208 754 3274 Vellem
777 3218 983 3295 praesentem
1008 3198 1137 3296 possem

225 3302 265 3366 P.
276 3303 471 3375 Helvidium
480 3310 619 3395 Rufum,
627 3315 773 3397 equitem
784 3315 973 3382 Romanum
986 3319 1137 3382 omnium

155 3410 162 3447 -’
226 3411 484 3496 ornatissimum,
500 3419 689 3486 nominare!
713 3421 772 3505 qui
787 3443 894 3506 quum
912 3423 1015 3488 huius
1035 3443 1136 3487 causa

121 3583 125 3588 ,
227 3509 296 3573 dies
310 3517 488 3600 noctesque
498 3521 653 3604 vigilaret
662 3531 698 3589 et
708 3546 814 3610 quum
828 3548 883 3594 me
897 3529 984 3596 hanc
999 3529 1136 3594 causam
