2667 4034
298 359 303 368 r
343 352 414 395 car.
433 353 676 398 xxxa—xxxa.
718 340 750 406 §S
773 340 900 397 84-88.
1040 340 1077 399 47

168 522 237 587 Sed
251 522 334 606 quid
348 541 431 606 opus
441 529 513 587 erat
528 524 571 587 ad
586 546 660 588 cam
675 546 746 590 rem
760 526 869 590 iudice
885 524 1077 609 sequestro?

168 637 205 693 et
225 628 361 694 omnino
378 648 481 712 quam
502 630 543 693 ob
566 650 638 695 rem
654 637 725 695 tota
741 632 805 697 ista
825 652 878 696 res
895 652 954 716 per
977 630 1079 696 Staio-

169 752 255 797 num
275 734 396 818 potius,
411 733 579 799 hominem
601 736 642 798 ab
664 742 805 819 utroque
828 737 1078 816 alienissimum,

170 838 445 920 sordidissimum,
465 840 706 923 turpissimum,
737 862 837 924 quam
866 863 925 927 por
953 842 1078 907 bonum

170 946 317 1027 aliquem
333 945 445 1014 virum
461 952 616 1028 ageretur
633 953 668 1010 ct
685 948 828 1011 amicum
845 948 1077 1013 necessarium-

169 1072 236 1133 que
262 1049 495 1115 commrmcm?
533 1050 600 1115 Sed
629 1052 710 1134 quid
736 1072 796 1135 ego
821 1054 901 1119 lraec
927 1055 1077 1139 pluribus

169 1157 266 1240 quasi
283 1156 325 1220 do
343 1176 379 1221 re
392 1156 532 1221 obscura
553 1157 697 1241 disputo,
712 1178 818 1241 quum
838 1160 907 1243 ipsa
918 1161 1077 1245 pecunia,

170 1282 256 1345 quae
272 1261 406 1328 Staieno
420 1263 499 1327 data
511 1269 573 1344 est,
584 1284 725 1327 numero
739 1284 778 1327 ac
794 1284 923 1329 summa
937 1286 997 1330 sua
1011 1288 1077 1331 non

170 1368 269 1433 modo
284 1374 411 1451 quanta
423 1368 537 1450 fuerit,
549 1368 719 1433 sedetiam
731 1368 886 1451 adquam
896 1381 967 1433 rem
977 1370 1079 1435 feccrit

170 1472 349 1540 ostendat?
387 1472 562 1538 Scxdecim
577 1474 652 1538 dico
669 1473 808 1554 iudices,
824 1479 865 1537 ιιι
882 1472 1078 1557 Oppianicus

171 1579 408 1661 absolveretur,
423 1579 680 1663 corrumpendos
697 1579 817 1644 fuisse:
844 1578 887 1643 ad
908 1577 1080 1645 Staienum

171 1692 320 1751 sescenta
340 1686 562 1769 quadraginta
582 1685 675 1750 milia
695 1706 838 1751 numum
861 1705 930 1749 esse
958 1684 1085 1751 delata,¹

170 1792 219 1872 Si,
234 1798 275 1856 ιιι
296 1798 338 1864 tu
357 1792 449 1871 dicia,
465 1792 591 1875 gratiae
606 1792 830 1856 conciliandae
851 1812 962 1871 causa,
979 1792 1084 1875 quad-2

170 1900 303 1981 raginta
323 1898 465 1962 istorum
485 1898 628 1961 accessio
648 1898 781 1977 milium
800 1898 881 1980 quid
903 1896 1015 1961 valet?
1039 1898 1078 1978 si,

168 2011 210 2068 ut
233 2025 293 2068 nos
320 2003 472 2082 dicimus,
493 2000 776 2086 ut'quadrageua
798 2003 892 2069 milia
914 2003 1079 2067 sexdecim

157 2109 335 2173 iudicibus
346 2108 517 2190 domatur,
527 2128 597 2172 non
610 2108 826 2172 Archimedes
837 2108 956 2173 melius
971 2109 1079 2191 potuit

170 2215 364 2280 describere.
479 2269 482 2272 .

200 2311 267 2384 ’88.
291 2322 340 2385 At
367 2321 457 2386 enim
485 2321 610 2386 iudicia
637 2320 726 2385 secta
751 2320 918 2405 permulta
945 2325 1034 2401 sunt,
1058 2340 1079 2384 a

89 2420 95 2430 ’
169 2426 325 2493 Cluentio
346 2427 509 2492 iudicium
529 2448 598 2492 esse
620 2422 826 2511 corruptum.
871 2426 977 2491 Immo
999 2446 1078 2491 vero

168 2531 324 2599 antehoc
338 2539 470 2617 tempus
484 2533 618 2597 omuino
632 2533 697 2597 ista
711 2532 782 2616 ipsa
797 2552 849 2597 res
864 2552 925 2596 suo
945 2532 1078 2597 nomino

167 2640 204 2704 in
226 2639 389 2704 iudicium
410 2660 595 2722 numquam
617 2644 668 2703 est
688 2644 815 2703 vocata.
861 2637 914 2703 Ita
931 2638 1078 2703 multum

167 2746 303 2829 agitata,
318 2746 366 2811 ita
388 2745 447 2809 diu
468 2746 590 2809 iactata
610 2746 674 2809 ista
695 2765 747 2809 res
774 2751 835 2826 est,
857 2751 898 2810 ut
918 2745 1077 2811 hodierno

168 2852 221 2916 dic
245 2852 390 2936 primum
413 2872 514 2917 causa
535 2851 594 2916 illa
617 2851 751 2918 defensa
773 2852 826 2933 sit,
841 2852 1000 2917 hodierno
1024 2852 1076 2917 dio

166 2957 314 3042 primum
339 2958 461 3022 veritas
485 2978 601 3022 vocem
626 2964 743 3023 contra
767 2958 927 3022 invidiam
952 2958 1004 3022 his
1025 2959 1076 3023 iu-

167 3063 295 3127 dicibus
316 3064 402 3128 freta
422 3064 558 3128 miserit:
597 3063 727 3129 Verum
751 3072 862 3129 tamen
883 3064 1076 3128 istamulta

166 3169 291 3234 iudicia
304 3191 390 3254 quae
404 3170 509 3236 sunt?
547 3171 618 3254 Ego
639 3172 730 3235 enim
749 3192 802 3235 me
818 3170 986 3235 adomnia
1001 3190 1076 3234 eon·

59 3345 68 3362 ‚
165 3276 296 3341 firmavi
322 3283 356 3343 et
386 3280 432 3344 sic
461 3280 586 3365 paravi,
616 3285 657 3343 ut
687 3278 850 3358 docerem,
877 3276 1075 3360 quaefacta

164 3392 279 3469 postea
302 3387 427 3451 iudicia
448 3387 489 3452 de
511 3387 570 3452 illo
591 3386 938 3465 iudicio=dicerentur‚
953 3386 1074 3470 partim

164 3492 284 3557 ruinae
306 3492 465 3558 similiora
486 3500 547 3557 aut
567 3491 755 3574 tempestati
775 3510 876 3573 quam
896 3491 1017 3554 iudicio
1040 3497 1074 3553 et

165 3599 396 3685 disceptationi
416 3598 528 3677 fuisse,
543 3595 663 3680 partim
680 3594 761 3657 nihil
778 3600 893 3659 contra
904 3594 1085 3675 Habitum.
