2667 4034
240 254 279 313 82
463 267 528 311 rao
549 266 581 309 a.
605 265 768 315 censurio
791 264 924 311 enarro.

240 457 327 523 quae
340 457 403 523 ego
416 436 529 503 omnia
541 456 633 503 nunc
646 436 782 503 omitto:
806 432 979 503 accusatus
994 440 1044 501 est
1058 435 1150 521 apud

241 565 309 626 eos,
334 544 393 628 qui
417 542 658 609 Scamandrum
684 542 876 607 ministrum
898 541 1082 627 Oppianici,
1108 541 1146 607 Ο.

240 650 433 715 Fabricium
468 650 639 715 conscium
678 648 831 715 maleficii
875 648 1146 717 condemnarant

241 757 293 821 60.
324 756 461 838 Utrum,
490 777 550 842 per
582 755 666 822 deos,
696 753 920 823 immortales?
958 754 1063 839 magis
1098 762 1148 821 ost

240 862 444 944 mirandum,
466 862 556 947 quod
582 861 613 927 is
637 861 877 929 condemnatus
902 865 964 943 est,
987 878 1032 927 an
1057 860 1148 945 quod

218 968 377 1034 omnino
401 968 599 1053 respondere
624 987 726 1033 ausus
749 965 823 1033 est?
869 958 959 1047 Quid
982 964 1071 1031 enim
1096 965 1148 1031 illi

240 1074 368 1141 iudices
388 1074 497 1139 facere
519 1072 728 1159 putuerunt?
751 1073 810 1157 qui
833 1072 861 1139 si
883 1071 1073 1139 innocentes
1086 1064 1148 1137 Fa·

240 1180 360 1245 bricius
384 1180 670 1261 condemnassent,
690 1185 803 1245 umen
827 1177 864 1245 in
887 1178 1063 1263 Oppianico
1084 1177 1147 1243 sibi

241 1266 390 1351 censure
405 1292 441 1351 et
453 1284 678 1371 superioribus
693 1284 878 1351 consentire
900 1283 1030 1349 iudiciis
1046 1282 1146 1347 debu·

241 1399 351 1457 eruut.
395 1392 453 1457 An
466 1412 545 1457 vero
558 1390 610 1455 illi
624 1411 687 1455 sua
700 1411 759 1476 per
770 1410 804 1455 se
816 1390 878 1475 ipsi
889 1389 1013 1455 iudicia
1027 1388 1148 1455 rescin-

241 1497 370 1580 derent,
383 1520 490 1583 quum
503 1498 626 1565 caeteri
647 1497 776 1563 soleant
797 1497 833 1561 in
854 1496 1033 1563 iudicando
1046 1516 1090 1563 ne
1104 1497 1147 1561 ab

149 1598 154 1604 ’
241 1604 384 1669 aliorum
405 1603 538 1669 iudiciis
560 1604 747 1689 discrepent
767 1600 963 1688 providere?
986 1602 1072 1685 etii,
1086 1604 1146 1687 qui

240 1707 384 1773 Fabricii
418 1708 588 1791 libertum,
617 1709 698 1793 quia
731 1708 882 1778 minister
910 1708 947 1773 in
982 1707 1147 1775 maleficio

240 1814 362 1898 fuerat,
377 1821 565 1899 patronum,
579 1815 661 1899 quia
682 1814 844 1895 conscius,
860 1814 1145 1895 condemnassent,

239 1903 350 2005 ipsum
370 1920 553 2005 principem
574 1930 675 2005 atque
698 1919 917 1985 architectum
939 1919 1070 1985 sceleris
1092 1920 1148 1985 ab·

240 2024 429 2091 solverent?
452 2033 487 2093 et
501 2027 560 2111 qui
574 2033 721 2092 caeteros
732 2025 826 2095 nullo
841 2025 1043 2110 praeiudicio
1057 2024 1147 2116 facto

239 2136 352 2199 umen
367 2152 409 2199 ex
423 2132 495 2219 ipse
509 2152 610 2198 causa
629 2132 914 2213 condemnassent,
928 2132 1030 2213 huuc,
1045 2151 1148 2216 quem

144 2274 148 2279 -
238 2236 290 2302 bis
318 2224 387 2304 iam
415 2238 674 2305 condemnatum
703 2244 909 2324 acceperant,
938 2236 1146 2303 liberarent?

240 2342 294 2407 61.
340 2343 429 2408 Tum
443 2364 521 2409 vero
546 2343 606 2407 illa
633 2343 759 2409 iudicia
785 2344 947 2409 senatoria
970 2364 1037 2409 nou
1062 2342 1148 2409 salsa

238 2449 377 2533 invidia,
391 2450 449 2515 sed
463 2471 543 2515 vera
556 2457 656 2535 atque
671 2450 794 2533 insigni
809 2449 1017 2535 turpitudine
1031 2455 1148 2515 notata

239 2562 340 2641 atque
363 2564 476 2642 operta
499 2558 657 2623 dedecore
682 2563 717 2623 ct
737 2556 876 2622 inlamia
898 2555 1078 2623 defensioni
1101 2555 1148 2621 lo

238 2680 318 2725 cum
346 2662 480 2726 nidlum
508 2663 730 2748 reliquissent.
777 2662 867 2743 Quid
896 2663 984 2729 enim
1010 2662 1149 2733 tandem

238 2765 289 2829 illi
319 2766 446 2832 iudices
474 2770 721 2854 responderent,
746 2770 855 2856 siqui
881 2771 922 2836 ab
944 2770 985 2835 iis
1010 2790 1148 2855 quaere-

239 2877 312 2937 ret:
336 2871 587 2940 Condemnastis
609 2876 870 2965 Scamandrum:
898 2898 966 2961 quo
980 2876 1147 2943 crimine?

238 2999 369 3065 nempe,
384 2981 473 3065 quod
484 2980 648 3047 Habitum
661 3004 721 3069 per
736 3005 869 3051 servum
883 2984 1003 3050 medici
1018 3004 1148 3053 veneno

238 3105 356 3151 necare
371 3085 538 3153 voluisset.
585 3087 675 3166 Quid
689 3087 805 3155 Habiti
820 3097 925 3155 morte
943 3088 1147 3155 Scamander

238 3192 523 3277 consequebatur?
546 3193 651 3275 Nihil,
667 3196 726 3261 sed
748 3196 940 3262 administer
962 3202 1034 3261 erat
1049 3195 1147 3280 Oppi-

239 3298 337 3368 anisi.
382 3299 428 3362 Et
437 3299 679 3365 condemnastis
692 3301 729 3365 0.
742 3302 953 3367 Fabricium:
977 3302 1058 3386 quid
1072 3301 1146 3367 ita?

93 3394 106 3416 ²
238 3402 328 3483 quia,
352 3423 458 3485 quum
482 3403 551 3487 ipse
574 3404 827 3471 familiarissime
851 3407 1031 3493 Oppianico
1051 3429 1148 3489 usus,

238 3502 379 3570 libertus
390 3511 504 3571 autem
512 3506 804 3577 eiusinmaleficio
815 3511 1039 3597 deprehensus
1049 3520 1149 3595 esset,
