2667 4034
249 310 288 366 dd
468 322 532 365 rao
554 321 586 363 A.
607 321 772 364 cnunurro
795 321 926 365 ORATIO·
970 299 973 304 “

247 491 397 577 privigno
421 510 482 556 suo
505 489 583 554 dare
606 489 718 570 vellet,
738 489 912 554 manifesto
936 487 1158 574 deprehensus

248 598 303 678 sit,
318 597 414 660 cuius
435 595 596 659 ministris
615 595 820 678 consciisque
838 595 1003 659 damnatis
1018 597 1086 680 ipse
1103 598 1158 661 ad-

246 705 369 768 ductus
390 703 428 765 in
453 701 616 766 iudicium
639 701 815 785 pecuniam
836 700 941 764 indici
964 701 1092 767 dederit
1114 704 1158 768 ad

248 808 427 874 sententias
441 799 882 890 indicumcorrnmpendas:
906 807 986 871 dum
1000 809 1093 890 baec,
1108 810 1157 872 in·

247 935 361 999 quam,
377 913 417 977 de
432 911 612 996 Oppianico
627 911 837 993 constabunt,
852 933 960 998 neque
975 904 1045 979 ullo
1060 935 1155 1000 argu·

248 1026 361 1085 mento
387 1016 604 1082 Cluentianae
633 1017 794 1102 pecuniae
824 1019 950 1084 crimen
978 1021 1155 1102 tenebitur,

247 1125 329 1209 qnid
350 1130 402 1189 est
422 1124 511 1208 qnod
526 1130 560 1188 te
573 1123 638 1188 ista
651 1125 810 1207 censoria,
826 1125 894 1191 sive
915 1126 1068 1192 voluntas
1089 1128 1156 1192 sivc

248 1231 359 1315 opinio
379 1221 457 1311 fuit,
483 1229 640 1294 adiuvare
666 1237 726 1294 aut
752 1231 843 1296 bunc
868 1231 1076 1297 innocentem
1102 1253 1157 1317 op
1203 1245 1205 1248 ’
1324 1239 1325 1296 3

248 1337 391 1421 primere
413 1355 507 1421 posse
524 1335 701 1400 videatur?
739 1336 848 1402 XLV.
895 1337 969 1402 126.
993 1338 1083 1416 Quid
1097 1339 1157 1422 igi-

249 1449 307 1506 tur
334 1461 486 1506 censores
515 1441 621 1506 secuti
651 1441 758 1509 sunt?
790 1464 832 1507 ne
861 1443 923 1528 ipsi
953 1443 1088 1526 quidem
1116 1452 1158 1509 ut

250 1548 440 1631 gravissime
456 1547 580 1627 dicant,
596 1549 779 1632 quidquam
795 1549 886 1612 alind
903 1549 1013 1615 dicent
1027 1557 1158 1635 praeter

250 1673 435 1717 sermonem
451 1659 551 1736 atque
566 1653 699 1718 famam.
745 1653 838 1718 Nihil
854 1675 887 1720 se
908 1655 1057 1738 testibus,
1072 1656 1158 1721 nihil

250 1757 382 1839 tabulis,
416 1758 500 1821 nihil
532 1758 644 1843 aliquo
681 1759 773 1843 gravi
804 1768 998 1844 argumento
1031 1780 1158 1845 compe-

250 1864 342 1945 risse,
358 1863 442 1928 nihil
471 1864 615 1948 deniqne
644 1885 746 1929 cansa
775 1867 905 1949 cognita
931 1867 1084 1931 statuisse
1110 1867 1158 1930 di-

250 1975 338 2034 cent.
385 1969 536 2047 Quodsi
562 1970 610 2035 ita
634 1970 798 2052 fecissent,
821 1978 933 2036 tamen
958 1972 993 2036 id
1019 1993 1085 2037 non
1110 1972 1159 2036 ita

250 2075 358 2141 fixum
372 2097 443 2142 esse
459 2077 602 2158 deberet,
617 2084 658 2142 ut
672 2077 811 2142 convelli
827 2097 893 2142 non
912 2077 1036 2142 liceret.
1052 2089 1056 2098 ·
1082 2077 1159 2143 Non

250 2188 329 2246 utar
352 2182 581 2267 exemplorum
606 2182 713 2267 copia,
736 2203 820 2267 quae
851 2203 981 2247 summa
1006 2189 1066 2265 est,
1090 2203 1158 2247 non

251 2310 321 2354 rem
342 2296 499 2370 veterem,
527 2310 594 2354 non
620 2289 789 2354 hominem
818 2295 985 2374 potentem
1014 2289 1159 2373 aliquem

251 2402 311 2459 aut
333 2396 515 2479 gratiosum
534 2394 709 2480 proferam.
755 2394 869 2479 Nuper
884 2395 1050 2459 hominem
1064 2401 1160 2460 tenn-

251 2521 316 2583 em,
331 2501 472 2566 scribam
487 2500 689 2580 aedilicium,
705 2499 749 2563 D:
764 2499 969 2581 Matrinium,
982 2521 1090 2584 quum
1106 2500 1160 2565 de

251 2606 427 2672 fendissem
449 2607 538 2690 apud
560 2606 606 2670 Μ.
628 2605 767 2670 Iunium
792 2605 832 2684 Q.
857 2606 1046 2671 Publicium
1067 2627 1160 2691 prae

250 2717 339 2775 tores
367 2719 402 2776 et
430 2711 476 2775 ll.
505 2711 710 2776 Plaetorium
739 2710 779 2777 O.
807 2711 1010 2776 Flaminium
1036 2711 1159 2776 aediles

252 2815 395 2907 curules,
410 2817 569 2900 persuasi,
580 2824 621 2881 ut
636 2817 777 2882 scribam
791 2817 893 2882 iurati
906 2817 1055 2900 legerent
1069 2837 1160 2898 eum,

251 2942 351 3004 quem
364 2922 467 2986 iidem
481 2921 537 2986 isti
552 2943 703 2988 censores
718 2923 883 2988 aerarium
898 2923 1067 3007 reliquisse
1083 2924 1160 2986 sub-

251 3028 461 3112 scripserunt.
508 3028 622 3106 Quum
642 3029 731 3093 enim
746 3029 783 3092 in
797 3028 930 3093 homine
950 3028 1045 3093 nulla
1062 3028 1161 3112 eulpa

250 3135 466 3216 inveniretur,
481 3134 564 3218 quid
585 3134 642 3198 ille
663 3135 849 3216 meruisset,
864 3154 931 3199 non
953 3134 1035 3218 quid
1057 3134 1098 3198 de
1120 3155 1161 3198 co

251 3246 415 3304 statutum
429 3247 515 3304 esset
529 3240 758 3322 quaerendum
772 3259 842 3305 esse
857 3239 1036 3304 duxerunt.
1082 3238 1158 3304 127.

253 3339 286 3406 N
286 3363 341 3407 am
360 3345 442 3408 haee
462 3345 608 3428 quidem,
623 3363 709 3427 quae
725 3345 765 3408 de
780 3345 903 3409 iudicio
918 3351 1071 3428 corrupto
1086 3345 1161 3408 sub-

251 3447 462 3529 scripserunt,
477 3449 553 3530 quis
575 3455 625 3513 est
646 3449 707 3531 qui
724 3450 765 3512 ab
787 3449 853 3513 illis
874 3450 962 3514 satis·
976 3449 1107 3534 cognita
1127 3456 1162 3514 et

252 3548 428 3631 diligenter
445 3551 593 3616 iudicata
606 3553 812 3618 arbitretur?
851 3553 891 3618 In
910 3555 968 3619 Μ’.
986 3555 1162 3639 Aquilium
