2667 4034
247 354 286 413 78
469 366 534 410 rso
556 366 587 409 A.
609 365 774 411 onunnmo
798 366 930 410 orario.

246 537 363 602 tenori.
409 535 485 601 146.
509 537 558 602 Ut
586 537 647 602 tibi
677 537 861 602 concedam
885 538 949 603 hoo
978 537 1156 620 indiguum

247 664 327 725 osso,
350 644 439 727 quod
462 644 557 708 ouius
584 645 675 709 modi
701 644 743 708 sit
768 644 836 708 iam
858 643 983 724 videro,
1006 649 1045 707 tu
1071 643 1155 706 mihi

247 749 406 814 concedas
427 769 559 814 neeesse
581 755 631 814 est
651 749 759 817 multo
782 769 851 814 osse
870 749 1039 832 indignius
1059 749 1094 812 in
1115 768 1155 812 ea

247 856 389 936 civitate,
419 876 506 938 quae
534 855 664 939 legibus
701 855 921 934 contineatur,
952 853 1074 918 discedi
1112 854 1154 917 ab
1273 869 1277 877 ·

245 960 384 1043 legibus.
430 959 505 1025 Hoo
534 962 622 1025 enim
646 953 821 1025 vinculum
847 967 897 1025 est
920 961 1021 1024 huius
1049 959 1154 1043 digni·

246 1066 335 1147 tatis,
365 1086 432 1149 qua
462 1065 607 1129 fruimur
636 1066 673 1130 in
704 1086 741 1131 re
771 1065 914 1151 publiea,
940 1066 1002 1130 hoo
1035 1065 1153 1129 funda-

246 1178 397 1236 mentum
419 1171 590 1254 libertatis,
612 1172 667 1236 hio
689 1171 762 1236 fons
785 1172 978 1256 aequitatis:
1004 1191 1096 1235 mens
1118 1175 1153 1234 et

133 1339 136 1344 .
247 1278 377 1342 animus
398 1284 432 1341 et
454 1271 629 1341 eonsilium
650 1283 684 1341 ot
706 1277 870 1342 sententia
891 1277 1031 1342 civitatis
1046 1275 1153 1359 posita

246 1389 296 1448 ost
323 1384 360 1447 in
382 1383 520 1467 legibus.
567 1383 616 1448 Ut
644 1403 782 1467 corpora
803 1388 916 1447 nostra
937 1379 1006 1446 sine
1029 1386 1151 1462 mente,

247 1489 293 1553 sio
316 1489 430 1554 civitas
454 1489 523 1553 sino
547 1488 621 1572 lege
645 1489 714 1552 suis
740 1487 900 1572 partibus,
922 1493 962 1552 ut
983 1487 1092 1551 nervis
1118 1492 1152 1550 et

246 1595 406 1677 sanguine
430 1601 464 1658 et
493 1594 659 1674 membris,
682 1593 735 1658 uti
765 1615 831 1658 non
861 1599 977 1678 potest.
1023 1573 1151 1675 Legum

246 1699 388 1763 ministri
409 1699 639 1781 magistratus,'
655 1699 771 1782 legum
796 1698 991 1784 interpretes
1013 1698 1150 1779 iudices,

246 1803 359 1887 legum
385 1804 675 1886 doniquoidoi1·oo
705 1825 817 1870 omnes
847 1805 932 1869 servi
959 1826 1084 1885 sumus,
1110 1810 1151 1867 ut

245 1909 340 1974 liberi
366 1929 436 1974 esse
462 1910 633 1994 possimus.
681 1911 756 1977 147.
781 1910 870 1988 Quid
895 1917 956 1992 est,
984 1910 1022 1987 Q.
1051 1909 1150 1990 Naso,

149 2089 158 2102 ·
246 2035 308 2079 eur
324 2021 364 2078 tu
384 2015 420 2078 in
442 2015 506 2080 isto
527 2014 599 2080 looo
622 2015 762 2080 sedeas?
785 2035 870 2100 quae
885 2016 934 2079 vis
949 2021 999 2080 est
1013 2035 1079 2099 qua
1093 2014 1150 2077 abs

245 2128 279 2187 te
293 2122 330 2186 hi
344 2122 470 2186 iudices
485 2123 543 2186 tali
567 2123 726 2206 dignitate
749 2123 890 2207 praediti
913 2118 1149 2187 coerceantur?

214 2251 217 2256 ·
245 2228 316 2294 Vos
339 2236 462 2310 autem,
476 2230 614 2310 iudices,
629 2251 731 2313 quam
753 2230 794 2294 ob
815 2250 943 2294 remex
959 2233 1053 2294 tanta
1067 2227 1151 2293 mul-

245 2335 389 2399 titudine
405 2335 527 2399 civium
549 2341 620 2399 tam
641 2337 739 2419 pauci
761 2336 802 2400 de
822 2336 995 2401 hominum
1010 2334 1150 2399 fortunis

247 2442 443 2505 sententiam
465 2439 584 2505 fortis?
612 2462 679 2525 quo
701 2442 773 2508 iure
796 2442 917 2506 Accius
940 2462 1023 2525 quae
1046 2439 1151 2505 voluit

247 2545 355 2611 dixit?
380 2547 449 2611 Cur
463 2539 545 2611 mihi
560 2553 630 2612 tam
646 2549 704 2612 diu
719 2554 862 2633 potestas
879 2547 1009 2612 dicendi
1025 2544 1149 2610 datur?

247 2651 335 2728 Quid
360 2653 420 2715 sibi
444 2659 557 2716 autem
580 2652 631 2716 illi
655 2654 790 2734 scribae,
806 2654 888 2737 quid
911 2652 1053 2732 lictores
1069 2650 1150 2734 quid

245 2757 378 2838 coeteri,
393 2779 476 2841 quos
498 2778 653 2842 apparere
676 2760 757 2825 huie
778 2759 963 2843 quaestioni
976 2758 1083 2839 video,
1096 2778 1151 2822 vo

244 2862 348 2928 lunt?
393 2864 516 2948 Opinon
538 2866 620 2931 haee
646 2867 758 2932 omnia
780 2867 853 2950 lege
880 2865 952 2930 fiori
978 2871 1150 2948 totumque

215 2993 218 3001 ·
245 2966 307 3034 hoo
330 2970 503 3052 iudicium,
518 2977 558 3036 ut
580 2979 656 3037 ante
673 2973 754 3054 dixi,
770 2973 864 3057 quasi
882 2978 992 3036 mente
1008 2970 1151 3054 quadam

245 3076 315 3161 rogi
344 3077 425 3161 legis
455 3083 488 3141 et
517 3077 751 3143 administrari.
803 3078 891 3155 Quid
929 3074 1033 3160 ergo?
1071 3075 1151 3139 haee

246 3184 394 3267 quaestio
421 3183 490 3248 sola
519 3184 566 3248 ita
593 3183 824 3267 gubernatur?
872 3182 961 3261 Quid
987 3182 1032 3246 M.
1060 3181 1151 3245 Plae

148 3361 154 3373 ,
245 3290 322 3353 torii
344 3297 378 3353 et
401 3289 438 3354 Ο.
461 3290 616 3354 mammii
637 3291 725 3354 inter
747 3289 906 3356 sicarios?
930 3288 1011 3373 quid
1035 3286 1071 3352 Ο.
1096 3287 1152 3351 Or-

246 3395 344 3459 chivii
366 3395 565 3479 poeulatus?
588 3395 670 3478 quid
692 3417 766 3460 mea
782 3397 822 3461 do
837 3396 986 3482 pecuniis
1001 3399 1152 3478 repetun-

246 3497 326 3562 dis?
347 3500 428 3582 quid
452 3499 489 3562 O.
509 3501 647 3583 Aquini,
663 3502 752 3585 apud
775 3523 875 3585 quem
897 3521 987 3566 nuno
1011 3500 1151 3564 ambitus

247 3620 346 3666 eausa
367 3603 516 3668 dieitur?
540 3606 622 3688 quid
643 3606 790 3690 reliquae
811 3603 1045 3691 quaestiones?
1085 3603 1152 3670 cir-
