2667 4034
348 315 419 357 cnr.
439 315 708 358 xxvu-xxvun
750 300 925 367 §iil-78.
1057 303 1093 360 41

184 485 244 568 qui
258 506 366 569 noque
380 485 548 551 absolvere
562 484 733 551 hominem
743 486 1015 552 nocentissimum
1026 508 1097 573 pos·

184 597 260 655 sent
273 611 382 675 neque
396 611 487 673 enm,
504 591 545 656 de
559 612 626 675 quo
641 598 728 657 essct
742 598 816 657 orta
831 592 984 677 suspicio,
999 614 1096 679 pecu-

183 696 243 761 nia
255 703 496 782 oppugnatum,
510 718 548 763 rc
562 697 621 761 illa
634 697 804 781 incognita
822 698 929 783 primo
943 699 1095 764 condem-

182 824 266 869 nare
288 803 423 885 vellent,
448 820 518 869 nou
546 821 688 879 uouere
715 804 885 869 dixerunt.
933 804 1095 870 Nonnulli

185 917 300 975 nutem
321 910 426 976 severi
446 910 609 991 hominos,
630 911 690 994 qui
714 910 778 977 boo
804 917 1005 993 statuerunt,
1027 932 1094 995 quo

184 1017 326 1100 quisque
362 1017 473 1082 animo
503 1016 584 1100 quid
613 1016 737 1082 fuceret
766 1017 904 1102 spectari
932 1024 1093 1103 oportere,

184 1122 247 1186 etsi
273 1121 331 1186 alii
356 1122 498 1207 pecunia
522 1128 657 1206 occepta
677 1142 795 1187 verum
817 1122 1019 1205 iudicabant,
1045 1130 1094 1189 ta·

184 1248 262 1293 men
287 1228 393 1294 nihilo
418 1228 530 1293 minus
555 1248 590 1294 se
616 1228 840 1313 superioribus
869 1230 937 1294 suis
962 1230 1093 1295 iudiciis

184 1341 334 1399 constare
355 1335 518 1419 putabant
539 1341 712 1419 oportere:
744 1334 856 1418 itaquo
879 1334 1090 1400 damnarunt.

185 1438 343 1523 Quinque
363 1441 499 1505 omnino
519 1440 669 1521 fuerumt,
683 1440 743 1523 qui
764 1439 863 1505 illum
876 1446 1024 1505 vestrum
1043 1441 1092 1505 in-

182 1552 357 1611 nocentem
371 1546 590 1631 Oppianicum
612 1546 681 1611 sivo
702 1545 929 1631 imprudentia
951 1546 1018 1612 sive
1032 1547 1092 1611 mi-

183 1652 362 1717 sericordia
383 1652 454 1718 sivo
478 1652 592 1736 aliqua
610 1652 796 1739 suspicione
822 1652 889 1719 sive
914 1653 1101 1731 ambitione,

183 1757 322 1823 adducti
343 1757 564 1825 absolverunt.

228 1862 282 1930 ⁷7.
306 1863 534 1931 condemnate
555 1864 735 1950 Oppianico
757 1866 869 1931 statim
886 1860 925 1931 L.
943 1864 1091 1944 Quincti·

108 2034 110 2037 Α
180 1990 234 2052 us,
249 1970 349 2036 bomo
362 1971 508 2037 maxime
521 1971 700 2056 popularis,
715 1972 774 2055 qui
788 1992 903 2039 omnes
917 1994 1090 2039 rumorum

181 2082 216 2140 ct
230 2076 421 2142 contionum
434 2082 550 2141 ventos
564 2076 718 2160 colligere
734 2083 932 2158 consuesset,
947 2077 1090 2143 oblatam

181 2181 242 2258 sibi
264 2174 459 2248 facultatem
479 2182 621 2268 putavit,
644 2189 686 2247 ut
710 2202 754 2247 ex
778 2182 905 2247 invidie
928 2184 1090 2247 senatoria

180 2293 290 2372 posset
310 2308 469 2370 crescere,
484 2288 575 2372 quod
596 2288 668 2353 eius
689 2288 815 2353 ordinis
836 2286 960 2353 iudicia
978 2288 1089 2353 minus

178 2392 248 2459 iam
269 2394 399 2479 probm
421 2394 545 2479 populo
566 2393 800 2459 arbitrabatur.
845 2393 1000 2459 Habetur
1020 2414 1090 2459 una

46 2514 53 2525 ’
179 2505 280 2583 atque
295 2500 401 2565 altera
416 2500 526 2566 centio
540 2500 717 2565 vehemens
728 2506 761 2565 ct
776 2500 904 2583 gravis:
928 2499 1089 2583 occepisse

178 2606 357 2689 pecuniam
377 2606 572 2687 incisoque
592 2605 804 2671 innocentem
824 2625 921 2671 rcum
938 2604 1089 2669 condem·

178 2718 308 2794 narent,
323 2713 479 2778 tribunus
500 2713 606 2798 plebis
627 2711 838 2780 clamitabat:
862 2713 917 2797 agi
939 2713 1088 2779 fortunas

179 2819 329 2883 omnium
351 2818 500 2886 dicebat:
531 2819 628 2885 nullo
648 2839 719 2885 esse
741 2820 884 2887 iudicia:
911 2821 970 2906 qui
991 2842 1089 2906 pecu·

83 2937 87 2943 ·
177 2924 311 2989 nicsum
339 2924 513 2991 inimicum
537 2925 687 3008 baberet,
712 2926 912 2993 incolumem
938 2947 1008 2993 esse
1033 2948 1089 2993 nc-

177 3029 304 3095 mincm
332 3050 437 3115 posse.
488 3030 651 3097 Homines
680 3034 782 3098 totius
811 3034 918 3117 ignari
947 3033 1087 3116 negocii,

175 3134 235 3218 qui
259 3134 478 3220 Oppianicum
502 3158 688 3222 numquam
710 3140 879 3218 vidissent,
901 3138 1012 3201 virum
1031 3157 1087 3220 op

176 3240 300 3306 timum
322 3247 358 3307 ct
381 3242 549 3308 bominem
573 3244 851 3328 pudentissimum
871 3242 1012 3327 pecunia
1032 3262 1087 3325 op-

174 3366 330 3433 pressum
357 3368 428 3414 esse
460 3349 717 3431 arbitrarentur,
743 3332 869 3414 incensi
902 3348 1086 3433 suspicione

175 3473 249 3519 rem
284 3454 322 3519 in
354 3454 504 3520 medium
532 3476 651 3523 vocare
681 3462 861 3540 coeperunt
890 3460 924 3521 et
952 3474 1094 3519 causam·

175 3559 393 3635 illamtotam
412 3559 598 3645 deposcere.
645 3559 699 3625 78.
723 3560 833 3643 Atque
848 3558 907 3623 illo
920 3560 992 3643 ipso
1004 3566 1085 3625 tem·

138 3692 142 3697 ,
484 3665 533 3731 41
