2667 4034
226 300 263 356 62
446 313 510 356 reo
531 313 563 356 Δ.
586 314 749 357 censurio
773 313 903 356 enarro.

225 482 399 548 ambobus
413 488 464 548 est
491 483 648 566 amicitie,
676 503 757 548 cum
786 483 890 549 altero
913 503 1002 565 vero,
1032 485 1133 550 sicuti

225 589 374 674 plerique
387 597 535 654 vestrum
557 590 680 672 sciunt,
695 611 835 675 magnus
856 611 938 654 usus
951 596 987 655 et
999 611 1133 654 summa

226 697 400 779 utriusque
414 696 527 762 officiis
541 697 723 761 constituta
737 696 943 762 necessitudo
957 702 1018 760 est.
1057 695 1132 760 118.

228 802 303 880 Qua
317 823 353 866 re
367 803 532 886 quidquid
546 803 588 868 de
606 803 899 887 subscriptionibus
918 822 1034 867 eorum
1048 801 1132 866 mihi

227 908 405 973 dicendum
424 908 501 989 erit,
515 928 555 973 eo
576 909 686 973 dicam
708 909 829 989 animo,
847 913 888 972 ut
909 928 1041 973 omnem
1062 928 1132 972 ora·

226 1015 352 1079 tionem
372 1034 482 1079 meam
502 1035 570 1081 non
589 1015 631 1080 de
652 1013 788 1080 illorum
809 1013 908 1095 iacto,
923 1013 982 1078 sed
999 1013 1040 1078 de
1054 1014 1133 1077 rati·

226 1141 290 1185 one
304 1121 452 1186 censoria
465 1121 613 1186 habitam
623 1120 807 1186 existimari
820 1119 937 1185 velim:
955 1140 975 1184 a
989 1118 1133 1184 Lentulo

219 1232 352 1307 ‚autem
365 1226 522 1290 familiari
542 1247 629 1309 meo,
648 1226 708 1310 qui
730 1245 750 1290 a
771 1246 824 1291 mc
846 1247 906 1311 pro
928 1226 1049 1291 eximia
1069 1246 1134 1292 sua

226 1333 352 1398 virtute
360 1333 569 1416 'summisque
590 1333 781 1414 honoribus,
795 1353 878 1416 quos
899 1352 919 1396 a
933 1331 1054 1416 populo
1068 1329 1134 1395 Ro-

227 1459 326 1503 mano
342 1439 481 1522 anepos
496 1445 556 1519 est,
567 1439 701 1503 honoris
709 1458 813 1504 causa
825 1438 1025 1517 nominatur,
1037 1436 1133 1502 sacilc

227 1543 301 1625 hoc,
315 1545 454 1625 iudices,
469 1545 662 1628 impetrabo,
682 1550 734 1626 nt,
757 1565 858 1628 quam
882 1544 951 1627 ipse
977 1543 1133 1606 adhibere

228 1650 398 1713 consuevit
418 1651 455 1714 in
476 1650 659 1714 amicorum
679 1649 835 1734 perieulis
854 1669 963 1732 quum
983 1647 1084 1712 fidem
1099 1653 1134 1711 et

229 1754 434 1837 diligentiam
445 1762 519 1819 tum
528 1756 598 1818 vim
608 1755 712 1819 enimi
726 1755 976 1838 libertatemque
992 1754 1134 1836 dicendi,

229 1880 271 1924 ex
297 1860 359 1924 hac
380 1860 463 1923 mihi
485 1861 644 1925 concedet
665 1867 706 1926 ut
728 1867 861 1926 tantum
885 1861 968 1925 mibi
992 1881 1135 1938 sumam,

229 1972 393 2048 quantum
415 1967 485 2031 sine
506 1967 607 2031 buius
628 1967 775 2052 periciilo
790 1968 967 2052 praeterire
982 1988 1050 2032 non
1064 1987 1135 2051 pos·

230 2071 302 2136 sim.
347 2071 380 2136 A
394 2092 447 2137 me
462 2077 585 2155 tamen,
603 2080 644 2138 ut
665 2094 810 2157 aequum
824 2079 883 2152 est,
905 2074 1017 2138 omnia
1038 2079 1136 2136 caute

229 2178 526 2263 pedetemptimque
550 2179 714 2261 nicenum,
736 2185 776 2244 ut
798 2199 905 2262 neque
930 2177 1013 2243 fides
1034 2166 1136 2242 liuius

152 2281 155 2285 ’
230 2283 426 2348 detensionis
440 2284 557 2348 relicta
577 2305 686 2368 neque
703 2285 901 2368 cuiusquam
916 2290 976 2349 aut
990 2284 1136 2368 dignitas

229 2388 319 2454 laesa
333 2395 393 2454 aut
405 2390 553 2455 amicitia
564 2389 690 2455 violata
702 2409 774 2455 esse
793 2389 955 2456 videatur.

274 2494 349 2560 119.
373 2495 481 2561 Video
494 2496 609 2580 igitur,
624 2496 762 2577 iudices,
778 2495 1048 2561 animadvertisse
1063 2516 1137 2560 cen·

231 2621 318 2665 sores
339 2601 376 2665 in
396 2601 522 2666 iudices
542 2602 705 2686 quosdam
726 2601 818 2666 illius
838 2601 968 2683 consilii
990 2601 1136 2682 Iuniani,

230 2728 337 2789 quum
358 2708 457 2772 istam
478 2709 585 2792 ipsam
609 2729 747 2774 causam
772 2708 1023 2773 subscriberent.
1069 2707 1137 2772 Hie

229 2811 316 2874 illud
345 2812 490 2896 primum
526 2835 701 2880 commune
731 2835 923 2900 proponam,
952 2834 1137 2898 numquam

231 2916 568 2984 animadversionibus
597 2921 754 2986 censoriis
782 2921 869 2986 hane
895 2921 1063 2986 civitatem
1088 2920 1138 2984 ita

231 3029 421 3089 contentam
445 3032 486 3090 ut
507 3026 605 3091 rebus
625 3027 782 3092 iudicatis
807 3027 918 3092 fuisse.
964 3026 1080 3111 Neque
1100 3026 1138 3090 in

230 3151 266 3195 re
287 3137 367 3195 nota
388 3151 582 3197 consumam
602 3138 745 3217 tempus.
791 3133 944 3218 Exempli
965 3152 1066 3198 causa
1083 3153 1138 3217 po

231 3259 310 3302 nam
323 3238 410 3302 illud
423 3261 552 3305 unum:
577 3239 615 3305 0.
632 3238 764 3322 Getam,
778 3261 886 3324 quum
906 3260 928 3304 e
947 3238 985 3302 L.
1003 3237 1138 3304 Metello

232 3350 265 3406 et
294 3343 356 3407 On.
387 3343 534 3427 Domitio
562 3325 754 3410 censoribus
781 3366 825 3412 ex
861 3351 981 3412 senatu
1013 3345 1139 3410 eiectus
1265 3345 1278 3362 “

232 3454 326 3527 esset,
357 3467 525 3512 censorem
553 3469 623 3514 esse
652 3450 763 3532 ipsum
791 3458 904 3534 postea
933 3450 1080 3514 iactum:
1103 3455 1139 3514 et

232 3549 328 3612 cuim
342 3571 450 3615 mores
463 3560 560 3620 erant
580 3574 602 3620 e
621 3541 820 3620 censoribus
832 3556 1033 3640 reprehensi,
1047 3556 1139 3620 bunc
