2667 4034
153 386 156 392 1
255 312 291 369 68
474 328 540 371 rao
561 325 592 369 a.
613 325 777 371 cananrro
800 324 931 369 enarro.

253 517 321 561 uon
342 495 584 562 animadvertes
597 495 634 561 in
649 515 774 584 omnes,
789 494 848 559 sed
869 513 993 578 carpes,
1007 499 1048 559 ut
1067 493 1164 574 velis,

254 609 289 684 et
317 622 437 686 paucos
466 623 509 666 ex
537 601 653 674 multis
683 600 724 665 ad
754 600 970 684 ignominiam
999 598 1161 664 sortiere?

253 707 397 773 Habebit
421 708 529 792 igitur
548 713 581 774 te
605 706 728 772 sciente
750 712 785 770 et
806 705 938 770 vidente
960 706 1053 770 curia
1072 693 1164 770 sena-

254 820 371 900 torem,
397 812 539 898 populu's
564 811 736 878 Romanus
765 811 922 892 iudicem,
948 831 1000 875 res
1030 811 1164 896 publiea

254 920 359 984 'civem
388 920 459 985 sine
484 918 667 1004 ignominia
692 937 906 1002 quemquam,
933 917 991 1002 qui
1020 917 1063 982 ad
1091 937 1164 1002 per-

254 1026 374 1090 niciem
393 1026 578 1090 innocentis
598 1024 701 1090 fidem'
722 1043 819 1088 suam
841 1028 876 1088 et
895 1022 1086 1106 religionem
1110 1011 1164 1108 pe

254 1132 353 1196 cunia
374 1130 613 1198 commutarit?
636 1137 682 1211 et,
704 1130 762 1213 qui
784 1130 894 1214 precio
916 1129 1080 1194 adductus
1102 1129 1164 1194 eri-

124 1268 126 1273 ·
253 1237 364 1321 puerit
384 1238 537 1321 patriam,
562 1236 724 1316 fortunas,
750 1234 869 1299 liberos
896 1235 960 1299 oivi
984 1234 1163 1316 innocenti,

254 1342 283 1406 is
305 1343 471 1408 censoriae
493 1341 677 1408 severitatis
699 1347 778 1427 nota
800 1360 866 1405 non
891 1339 1070 1404 inuretur?
1108 1339 1164 1404 Tu

151 1459 157 1468 '
254 1468 289 1512 es
314 1448 498 1532 praefectus
521 1447 680 1527 moribuS,
707 1453 747 1510 tu
772 1434 929 1529 massister
954 1446 1073 1537 veteris
1100 1446 1163 1510 dis-

140 1574 147 1621 ·.
253 1553 393 1637 eiplinae
415 1573 454 1617 ae
477 1553 672 1633 severitatiS‚
688 1551 716 1615 si
737 1557 800 1616 aut
819 1551 940 1616 retines
962 1571 1164 1634 quemquam

254 1659 359 1722 sciens
380 1658 417 1722 in
439 1664 556 1722 senatu
570 1658 691 1723 scelere
706 1662 799 1722 tanto
821 1657 1081 1722 contaminatum
1103 1663 1164 1722 aut

255 1763 384 1844 statuis,
399 1763 508 1846 quiin
522 1764 639 1828 eadem
656 1763 755 1848 eulpa
769 1763 823 1844 sit,
837 1783 906 1830 non
920 1763 1035 1828 eadem
1057 1783 1163 1854 poena

255 1868 353 1932 adtioi
381 1868 557 1954 oportere?
607 1869 823 1950 Convenitne,
853 1874 894 1932 ut
923 1890 1024 1959 quam
1053 1869 1163 1934 eondi-

209 2055 213 2062 .
254 1974 383 2040 cionem
404 1974 557 2058 supplicii
575 1975 715 2040 maiores
737 1975 773 2039 in
787 1973 875 2040 bello
889 1974 1059 2038 timiditati
1077 1974 1162 2038 mili-

254 2080 297 2144 tis
311 2081 510 2165 propositam
527 2101 597 2146 esse
611 2080 802 2162 voluenmt,
813 2079 963 2146 eamdem
978 2085 1017 2144 tu
1032 2080 1066 2144 in
1082 2100 1162 2164 paee

254 2187 435 2251 constituas
456 2186 658 2271 improbitati
679 2185 865 2251 senatoris?
920 2184 1018 2263 Quod
1045 2186 1072 2250 si
1097 2186 1162 2251 hoe
1255 2269 1259 2276 ι

254 2292 444 2376 exemplum
470 2298 512 2356 ex'
541 2311 578 2356 re
607 2291 744 2356 militari
773 2291 817 2356 ad
846 2291 1162 2356 animadversionem

254 2398 435 2462 censoriam
449 2396 717 2462 transferendum
730 2396 806 2479 fuit,
819 2397 987 2462 sortitione
1002 2395 1038 2460 id
1052 2397 1161 2480 ipsum

253 2504 378 2568 laetum
401 2525 471 2570 esse
490 2503 646 2589 oportuit.
694 2501 753 2567 Sin
776 2509 889 2567 autem
906 2503 1016 2568 sortiri
1030 2503 1073 2566 ad
1087 2523 1161 2589 poe·
1256 2484 1262 2494 ⁸

253 2631 332 2674 nam
350 2616 385 2674 et
404 2610 578 2674 hominum
592 2609 751 2674 delictum
765 2609 918 2674 fortunae
933 2608 1055 2674 iudicio
1075 2629 1162 2674 eom-

252 2715 385 2778 mittere
407 2714 543 2780 minime
569 2715 756 2780 censorium
782 2720 843 2796 est,
869 2720 958 2779 certo
982 2715 1018 2778 in
1040 2707 1161 2780 multo-

253 2840 331 2883 rum
360 2826 494 2904 peceato
527 2821 617 2904 carpi
647 2841 771 2905 paucos
802 2821 846 2884 ad
879 2821 1093 2904 ignominiam
1125 2825 1161 2886 et

253 2925 495 3010 turpitudinem
515 2946 581 2991 uon
604 2933 743 3011 oportet.
795 2925 940 2990 XLVII.
996 2925 1070 2990 130.
1094 2925 1160 2990 Ve-

253 3053 329 3095 rum
351 3051 464 3096 omnes
484 3030 701 3115 intelligimus
722 3032 759 3096 in
775 3032 847 3096 istis
867 3031 1159 3115 subscriptionibus

252 3144 390 3202 ventum
422 3138 600 3222 quemdam
632 3138 825 3224 popularem
858 3160 928 3205 esse
959 3127 1157 3224 quaesitum}

252 3242 379 3342 laetata
398 3264 452 3309 ras
473 3251 545 3309 erat
565 3244 601 3308 in
623 3245 775 3310 contione
794 3246 972 3318 atribuno'
985 3245 1156 3310 seditioso:

251 3349 420 3433 incognita
434 3369 534 3414 eausa
547 3348 724 3434 probatum
737 3349 824 3414 illud
839 3357 910 3416 erat
929 3351 1156 3416 multitudini:

251 3454 377 3544 nemini
391 3453 521 3518 licitum
540 3460 591 3518 est
607 3455 866 3521 contradicere:
891 3459 1158 3542 nemo-denique,

149 3612 153 3618 .
252 3563 292 3620 ut
309 3557 500 3623 defenderet
518 3559 718 3624 contrariam
736 3567 876 3645 partem,
891 3562 1070 3629 laborabat.
1115 3563 1158 3629 In
