2667 4034
254 308 273 367 6
477 320 542 365 rso
563 321 594 363 a
615 322 778 365 censurio
801 320 933 365 caurio.

252 496 313 557 cst.
359 491 611 569 Quamobrem
626 491 708 555 dum
722 490 906 557 multorum
928 510 1093 557 annorum
1112 512 1166 559 uc-

253 598 415 663 cusaticni
432 598 574 663 breviter
592 597 803 681 dilucideque
821 596 1013 680 respondeo,
1028 618 1164 681 quaeso,

252 709 293 769 ut
313 723 379 785 me,
396 702 533 784 iudices,
557 704 644 767 sicut
666 702 774 767 facere
796 701 998 784 instituistis,
1021 702 1165 787 benigno

252 816 443 894 attenteque
459 810 610 873 audiatis.
754 807 759 818 ’

296 915 359 979 IV.
406 916 437 979 9.
463 915 653 999 Conupisse
677 908 807 979 dieitur'
820 914 861 979 A.
881 914 1056 981 Cluentius
1078 915 1165 979 iudi·

253 1023 344 1087 cium
365 1022 517 1107 pecunia,
543 1043 610 1105 quc
633 1021 808 1091 inimicum
834 1042 933 1087 suum
952 1022 1165 1087 innocentem

253 1126 400 1193 Statium
428 1128 566 1193 Albium
592 1128 836 1193 condemnaret.
894 1128 1083 1209 Ostendam,
1113 1128 1164 1191 iu-

253 1234 353 1315 dices,
376 1234 533 1319 primum,
558 1234 716 1318 quoniam
741 1239 841 1319 caput
864 1233 954 1299 illius
981 1234 1164 1299 atrocitatis

252 1348 352 1425 atque
374 1341 518 1407 invidiae
538 1341 839 1422 futurororum
861 1340 1002 1425 pecunia
1024 1340 1164 1425 circum·¹

252 1453 401 1529 ventum,
412 1448 580 1513 neminem
594 1468 756 1531 umquam
767 1432 946 1512 maioribus
958 1447 1164 1528 criminibus,

250 1553 459 1636 gravioribus
482 1554 621 1617 testibus
648 1572 716 1617 esse
738 1552 775 1617 in
800 1552 963 1617 iudicium
985 1559 1162 1619 vocatum:
1262 1606 1266 1613 .

253 1658 373 1723 deinde
393 1678 433 1723 cs
457 1659 498 1723 de
520 1678 558 1723 eo
584 1659 788 1742 praeiudicia
814 1652 883 1725 csse
909 1659 997 1725 fecto
1019 1660 1059 1723 ab
1084 1660 1164 1744 ipsis

253 1763 431 1844 iudicibus,
461 1783 482 1827 a
510 1764 631 1848 quibus
660 1765 900 1833 condemnatus
930 1771 990 1847 cst,
1020 1772 1060 1831 ut
1096 1787 1165 1833 non

253 1863 351 1935 modo
372 1869 413 1933 ab
432 1870 561 1952 iisdem,
577 1871 634 1937 scd
648 1892 691 1935 ne
707 1871 748 1935 ab
764 1872 836 1935 eliis
851 1871 986 1954 quidem
1008 1872 1088 1936 ullis
1111 1872 1165 1935 ab·

254 1975 336 2039 solvi
361 1975 553 2045 ullomodo
578 1985 706 2061 posset·
757 1977 870 2055 Quum
898 1978 980 2043 haec
1009 1978 1164 2061 docuero,

210 2083 214 2089 ’
254 2088 328 2147 tum
350 2081 437 2147 illud
463 2083 643 2165 ostendam,
671 2084 759 2168 quod
789 2084 932 2149 maxime
962 2084 1086 2167 requiri
1115 2085 1165 2149 in-

254 2188 378 2272 telligo,
404 2189 568 2255 iudicium
591 2183 677 2255 illu‘d
704 2190 844 2275 pecunia
868 2211 938 2255 esse
964 2196 1165 2276 temptatum

253 2316 322 2359 non
333 2315 354 2359 a
365 2295 530 2377 Cluentio,
542 2296 600 2360 sed
615 2302 730 2361 contra
742 2296 955 2361 Cluentium:
979 2296 1164 2382 sociamque

253 2408 294 2467 ut
316 2402 509 2487 intelligatis
534 2403 571 2467 in
597 2408 666 2468 teta
692 2402 751 2467 illa
780 2423 880 2469 causa
905 2403 986 2489 quid
1012 2424 1064 2467 res
1093 2404 1165 2487 ipsc

253 2508 381 2592 tulerit,
395 2509 477 2593 quid
500 2529 593 2575 error
618 2509 808 2591 adfinxerit,
835 2509 917 2593 quid
942 2509 1068 2574 invidia
1088 2530 1164 2579 ocn-

254 2614 354 2679 flarit.

206 2766 209 2771 -
300 2718 353 2783 10.
376 2719 529 2785 Primum
553 2720 658 2803 igitur
681 2722 765 2785 illud
789 2728 849 2805 est,
872 2743 914 2803 ex
936 2742 1001 2806 quo
1020 2720 1164 2804 intelligi

255 2825 368 2909 possit,
392 2825 542 2891 debuisse
564 2826 758 2893 Cluentium
781 2849 902 2912 magno
925 2848 1021 2912 opere
1045 2848 1164 2893 causae

233 2915 237 2924 ’
255 2929 431 3012 confidere,
446 2931 536 3015 quod
551 2934 740 2998 certissimis
756 2933 949 2999 criminibus
971 2942 1005 2999 ct
1024 2933 1165 2999 testibus

255 3036 358 3101 fretus
388 3038 430 3101 ad
461 3038 685 3103 accusandum
715 3039 930 3104 descenderit.
988 3038 1062 3103 Hoc
1091 3037 1165 3103 loco

255 3142 444 3210 faciendum
471 3146 564 3226 milri,
590 3145 728 3228 iudices,
756 3152 816 3228 est,
840 3152 880 3211 ut
905 3146 997 3211 vobis
1022 3144 1165 3209 breviter

254 3249 325 3330 illa,
340 3252 460 3334 quibus
474 3250 593 3316 Albius
611 3257 661 3316 est
683 3252 932 3333 condemnatus,
947 3252 1087 3319 crimina
1109 3271 1165 3315 cx-

241 3352 386 3439 ‘ponam
432 3356 501 3421 Abs
523 3364 555 3420 te
577 3364 664 3441 pcto,
681 3358 870 3442 Oppianice,
885 3364 925 3422 ut
945 3378 999 3423 me
1018 3357 1166 3421 invitum

256 3459 298 3523 de
323 3461 425 3543 patris
449 3462 502 3525 tui
516 3482 616 3527 causa
640 3463 748 3527 dicere
778 3464 956 3544 existimes,
980 3463 1166 3527 adductum

256 3563 323 3628 fide
341 3572 440 3649 atque
461 3566 566 3631 officio
590 3561 796 3633 defensionis.
842 3568 977 3633 Etenim
995 3568 1056 3635 tibi
1078 3568 1106 3633 si
1128 3568 1166 3637 iu
