2667 4034
224 259 263 318 80
450 273 513 315 rna
536 273 566 314 s.
588 273 752 316 cnunrrro
776 273 907 315 oasam.

223 459 299 505 mus
323 430 441 506 cAPIrs
464 460 641 525 Quamne,
659 461 716 516 QUI
741 459 980 507 MAGISTRATUM
1005 461 1131 508 HABUE·

159 569 165 578 “
223 564 276 610 BI'l'
291 565 371 610 mvn
386 565 513 613 SENATU
535 566 742 612 SENTENTIAM
763 565 919 613 nlxsmr:
944 566 1000 622 QUI
1016 565 1131 614 EORUM

224 670 322 734 conr,
353 671 491 718 commu.
538 653 613 718 149.
649 654 740 718 Num
779 654 807 718 is
843 661 893 720 est
930 652 1130 720 Cluentius?

224 758 322 823 Certe
348 782 416 824 non
442 767 502 824 cst.
550 760 632 837 Quis
658 781 736 844 ergo
763 767 813 825 est
844 760 1046 826 Cluentius?
1073 761 1132 845 qui

223 871 334 929 tamen
365 866 497 930 defendi
527 887 661 930 cansam
688 886 782 932 suem
811 866 885 950 lege
914 867 1010 932 nolit.
1067 867 1132 932 Ita

223 991 288 1054 quc
314 971 430 1035 abiicio
453 971 581 1055 legem:
610 993 737 1036 morem
764 971 919 1036 Cluentio
945 993 1042 1055 gero:
1071 973 1132 1037 tibi

223 1082 346 1157 tamen,
362 1076 454 1158 Acci,
465 1097 582 1161 pauca,
595 1098 679 1161 quac
696 1078 737 1141 ab
750 1078 852 1142 huius
867 1098 968 1142 causa
983 1079 1132 1142 seiuncta

224 1188 313 1262 sunt,
343 1183 555 1266 respondebo.
606 1182 666 1246 Est
696 1183 786 1247 enim
815 1184 975 1266 quiddam
1004 1184 1040 1248 in
1068 1184 1132 1248 hac

224 1309 323 1353 causa
337 1290 427 1373 quod
443 1289 617 1354 Cluentius
632 1290 675 1354 ad
697 1309 742 1371 se',
758 1296 808 1354 est
823 1290 950 1373 aliquid
965 1289 1055 1373 quod
1070 1311 1131 1374 ego

224 1396 334 1460 adme
356 1403 471 1481 putem
485 1398 657 1480 pertinere.
705 1395 770 1460 Hic
789 1407 854 1459 sua*
864 1401 961 1480 putat
976 1397 1131 1460 interesse

223 1503 352 1586 reipsa
376 1510 409 1566 et
432 1509 523 1586 gesto
544 1504 691 1586 negocio,
712 1524 778 1567 non
798 1502 871 1585 lege
896 1502 1046 1566 defendi:
1071 1523 1131 1585 ego

224 1614 337 1672 autem
351 1628 426 1672 mea
440 1609 592 1673 existimo
610 1609 767 1672 interesse
789 1628 842 1672 me
861 1607 957 1672 nulla
970 1608 1007 1672 in
1023 1607 1132 1692 dispu·
1190 1675 1197 1692 ,

223 1715 347 1777 tatione
377 1714 417 1776 ab
444 1713 545 1779 Accio
570 1714 677 1787 videri
707 1734 776 1780 esse
807 1719 1009 1798 superatum.
1055 1712 1131 1778 Non
1161 1743 1165 1748 ¹

224 1819 313 1882 enirn
335 1820 418 1882 mihi
442 1820 524 1884 haec
545 1840 644 1884 causa
665 1820 735 1885 sola
756 1820 894 1884 dicenda
914 1827 975 1885 est.
1022 1819 1132 1887 Omni-

222 1924 285 1988 bus
302 1908 364 1989 'hie
389 1925 482 1990 labor
507 1947 602 1990 meus
628 1927 814 2011 propositus
841 1932 901 2007 est,
928 1927 1131 2009 quicumque

194 2020 285 2094 'hac
308 2031 465 2097 facultate
491 2031 688 2096 defensionis
715 2032 861 2096 contenti
888 2051 959 2098 csse
981 2036 1128 2115 possunt.

222 2135 308 2202 Nolo
331 2159 531 2222 quemquam
555 2159 682 2218 eorum,
703 2138 762 2221 qui
787 2138 920 2218 adsunt,
942 2137 1130 2202 existimare

223 2264 287 2325 me,
302 2265 387 2327 quac
411 2244 452 2309 de
473 2245 545 2327 lege
568 2244 609 2307 ab
627 2243 728 2310 Accio
750 2243 837 2308 dicta
857 2250 947 2323 sunt,
964 2243 991 2307 si
1011 2243 1130 2306 reticu-

223 2350 316 2430 erim,
341 2351 561 2434 comprobare.
609 2349 718 2427 Quam
744 2349 785 2413 ob
812 2370 893 2429 rem,
919 2348 1063 2428 Cluenti,
1088 2347 1130 2411 dc

143 2479 146 2486 ·
223 2461 256 2520 te
279 2457 339 2520 tibi
362 2458 533 2540 obsequor,
549 2476 656 2540 neque
681 2477 742 2539 ego
765 2456 873 2538 legem
896 2456 998 2520 recito
1021 2475 1129 2538 neque

221 2561 284 2626 lroc
298 2561 370 2626 loco
384 2584 443 2646 pro
458 2569 492 2627 te
508 2563 592 2644 dico,
609 2563 667 2626 scd
687 2581 737 2642 ea,
752 2581 837 2645 quae
853 2567 886 2626 te
902 2580 922 2624 a
937 2581 990 2624 me
1006 2560 1129 2624 deside-

222 2687 295 2730 rare
312 2668 463 2749 arbitror,
478 2689 546 2732 non
560 2668 758 2751 relinquam.

265 2771 337 2835 LV.
384 2772 459 2837 150.
482 2773 641 2856 Iniquum
671 2774 731 2837 tibi
760 2773 905 2855 videtur,
935 2773 1028 2854 Acci,
1058 2793 1128 2837 esse

221 2863 288 2942 non
312 2879 429 2943 iisdem
442 2879 580 2962 ,legibus
603 2901 718 2944 omnes
740 2881 858 2946 teneri.
904 2880 1068 2959 Primum,
1087 2885 1128 2944 ut

221 2986 256 3049 id
277 2985 522 3068 iniquissimum
541 3005 612 3049 esse
634 2985 804 3068 confitear,
821 2986 997 3068 eiusmodi
1012 2991 1128 3065 est,ut

221 3091 431 3155 commutatis
447 3091 493 3155 eis
508 3112 591 3174 opus
606 3091 650 3155 sit
669 3091 810 3180 legibus,
825 3113 894 3158 non
908 3098 948 3155 ut
963 3091 1026 3171 his,
1041 3110 1125 3174 quac

221 3203 310 3277 sunt,
325 3218 391 3261 non
414 3217 599 3280 parcamus,
645 3184 774 3259 Deinde
794 3196 870 3278 quis
889 3215 1050 3278 umquam
1063 3195 1126 3259 hoc

221 3308 351 3367 senator
367 3303 545 3381 accusavit,
560 3308 599 3364 ut
613 3322 720 3383 quum
735 3300 885 3366 altiorem
899 3301 1042 3384 gradum
1057 3300 1125 3383 dig-

220 3406 334 3469 nitatis
348 3405 505 3469 beneficio
520 3407 633 3489 populi
652 3405 795 3471 Romani
816 3412 901 3470 esset
918 3412 1125 3486 consecutus,

220 3526 260 3570 eo
276 3529 309 3571 se
323 3515 457 3591 putaret
476 3509 665 3574 durioribus
683 3509 799 3593 legum
814 3512 1060 3578 condicionibus
1074 3513 1126 3576 uti
