2667 4034
256 298 294 355 22
476 313 541 356 rao
560 310 591 353 s.
614 310 777 354 cinnamo
801 309 932 353 onamo.

257 503 362 566 quum
387 482 519 547 tabulas
544 482 770 567 prehendisset
791 478 1003 565 Oppianicus,
1026 480 1085 563 qui
1108 500 1162 563 go
1228 565 1233 573 ¹
1309 536 1310 549 ,

256 609 317 652 ner
331 589 403 652 eius
418 589 545 669 fuisset,
561 588 666 671 digito
680 587 789 669 legata
804 586 926 650 delevit
948 591 981 649 et
1003 606 1108 667 quum
1124 585 1161 648 id

256 694 371 757 multis
393 694 473 757 locis
496 693 636 773 fecisset,
651 696 725 775 post
751 697 892 755 mortem
918 691 1000 771 eius,
1016 710 1058 753 ne
1082 690 1161 753 litu-

257 800 302 862 ris
324 799 459 882 coargui
481 804 600 883 posset,
614 804 852 861 testamentum
866 797 901 859 in
924 796 1005 859 alias
1027 796 1160 859 tabulas

256 905 509 987 transscriptum
520 904 620 987 signis
632 902 828 966 adulterinis
839 903 1034 984 obsignavit.
1074 900 1163 964 Mut-

255 1016 292 1072 ta
317 1016 487 1093 praetereo
512 1009 684 1073 consulto:
716 1009 839 1072 etenim
861 1028 978 1071 vereor
1006 1028 1049 1071 ne
1078 1008 1161 1071 haec

256 1114 327 1197 ipsa
349 1114 492 1177 nimium
515 1114 623 1178 multa
646 1134 716 1178 esse
742 1114 943 1178 videantur:
964 1134 1022 1178 vos
1046 1120 1162 1177 tamen

257 1241 335 1285 cum
357 1219 497 1286 similem
519 1222 572 1285 sui
593 1221 694 1286 fuisse
716 1222 752 1285 in
774 1222 911 1285 caeteris
926 1240 1056 1304 quoque
1071 1221 1161 1285 vitae

256 1328 404 1410 partibus
430 1328 619 1392 existimare
643 1326 779 1391 debetis.
825 1326 929 1401 Illum
949 1326 1078 1390 tabulas
1100 1347 1161 1410 pu-

255 1432 357 1497 blicas
371 1432 485 1497 Larini
500 1433 664 1499 censorias
679 1434 862 1517 corrupisse
878 1432 1070 1497 decuriones
1085 1432 1162 1494 uni-

157 1536 161 1541 ’
256 1539 342 1602 versi
365 1539 606 1604 iudicaverunt.
655 1538 742 1603 Oum
766 1538 824 1603 illo
846 1558 944 1603 nemo
966 1538 1033 1602 iam
1058 1539 1160 1602 ratio-

256 1665 344 1724 nem,
360 1665 457 1707 nemo
472 1665 543 1708 rem
558 1645 662 1707 ullam
685 1645 917 1709 contrahebat:
942 1664 1040 1708 nemo
1061 1643 1161 1707 illum

256 1769 298 1812 cx
314 1756 383 1812 tam
399 1750 513 1813 multis
527 1752 676 1833 cognatis
692 1756 726 1815 et
748 1749 912 1815 adfinibus
927 1756 1073 1814 tutorem
1086 1771 1160 1812 urn-

256 1874 358 1936 quam
386 1854 496 1919 liberis
527 1856 593 1919 suis
619 1856 768 1939 scripsit:
800 1876 897 1919 nemo
926 1854 1024 1919 illum
1054 1856 1160 1935 aditu,

256 1980 353 2024 nemo
376 1962 613 2045 congressione,
636 1982 733 2026 nemo
757 1982 917 2043 sermone,
931 1982 1029 2027 nemo
1052 1961 1159 2025 conri-

158 2054 162 2060 ’
255 2065 309 2129 rio
339 2065 479 2150 dignum
507 2067 695 2132 iudicabat:
736 2088 849 2131 omnes
886 2067 1158 2151 aspernabantur,

255 2192 368 2237 omnes
384 2173 613 2254 abhorrebant,
628 2195 742 2238 omnes
757 2179 797 2238 ut
812 2174 958 2257 aliquam
978 2173 1159 2237 immanem

242 2266 294 2341 ac
322 2279 539 2361 perniciosam
573 2278 712 2343 bestiam
748 2286 937 2364 pestemque
974 2279 1156 2363 fugiebant.
1180 2266 1205 2299 '⁹

230 2362 309 2447 '4a
333 2383 435 2448 Hunc
460 2390 573 2449 tamen
602 2385 771 2450 hominem
796 2391 864 2449 tam
894 2386 1064 2466 audacem,
1087 2391 1158 2449 tam

254 2490 430 2571 nefarium,
460 2497 530 2555 tam
559 2497 734 2556 nocentem
762 2512 947 2575 numquam
974 2498 1159 2556 accusasset

255 2593 410 2676 Habitus,
425 2596 562 2676 iudices,
578 2597 605 2659 si
619 2597 656 2660 id
670 2598 930 2681 praetermittere
946 2596 1035 2662 salvo
1051 2598 1157 2681 capito

197 2776 201 2780 ,
256 2718 316 2761 suo
337 2700 507 2781 potuisset.
553 2700 635 2765 Erat
656 2703 735 2767 huic
761 2704 915 2767 inimicus
937 2704 1155 2787 Oppianicus:

255 2811 338 2884 erat,
361 2803 418 2867 sed
443 2811 555 2870 tamen
576 2814 647 2871 crat
673 2809 829 2873 vitricus:
854 2808 998 2873 crudelis
1022 2814 1057 2873 et
1077 2809 1157 2872 huic

180 2940 182 2943 ⁴
254 2908 372 2973 infesta
393 2916 510 2992 mater,
533 2919 568 2976 at
593 2918 706 2979 tamen
729 2923 845 2980 mater.
890 2914 1062 2981 Postremo
1075 2915 1159 2979 nihil

255 3021 325 3079 tam
344 3023 509 3089 remotum
531 3018 571 3082 ab
595 3022 802 3085 accusatione
817 3042 918 3105 quam
935 3021 1110 3086 Cluentius
1126 3026 1159 3085 ct

232 3128 376 3213 ¹natura
399 3129 433 3187 et
458 3124 628 3189 voluntate
654 3132 690 3190 et
717 3126 871 3191 instituta
899 3128 1027 3191 ratione
1057 3127 1155 3191 vitae.

255 3228 321 3292 Sed
336 3251 440 3312 quum
455 3238 541 3296 esset
554 3233 636 3297 haec
651 3234 683 3296 ei
697 3210 863 3317 prdposita
873 3235 1033 3314 condicio,
1044 3240 1085 3297 ut
1100 3240 1159 3297 aut

254 3338 340 3401 iuste
370 3340 488 3422 pieque
518 3347 688 3404 accusaret
718 3347 778 3405 aut
807 3342 921 3406 acerbe
958 3342 1158 3423 indigneque

255 3450 451 3524 moreretur,
466 3464 632 3525 accusare,
647 3466 782 3528 quoquo
803 3447 901 3511 modo
923 3452 1043 3529 posset,
1058 3465 1159 3529 quarn

255 3544 314 3607 illo
328 3547 426 3609 modo
442 3549 544 3611 emori
558 3549 687 3613 maluit.
