2667 4034
381 310 445 357 car
463 312 694 361 xxm-xxvi.
736 301 767 368 §5
785 301 909 359 ott-⁷0.
1056 302 1095 359 et

187 483 322 569 negarit
335 502 538 569 quemquam
551 506 622 551 csse
636 486 672 551 in
693 484 824 551 civitate
844 491 975 570 praeter
988 506 1023 552 se
1037 486 1096 571 qui

187 590 224 653 id
239 590 366 655 officere
381 596 499 675 posset
536 590 603 656 Sed
616 591 724 677 primo
735 592 865 675 gravmi
880 592 1096 677 coepit‚·quod

188 696 393 763 aedilitatem
406 716 442 763 sc
455 702 567 782 petere
581 718 661 763 cum
681 697 871 763 hominibus
888 697 1096 763 nobilissimis

188 808 223 867 ot
247 801 407 867 invidiam
434 810 535 887 atque
565 802 779 869 offensionem
807 802 925 868 timere
955 803 1094 869 dicebat.

187 909 270 977 Post
290 916 447 975 exoratus
468 910 564 975 initio
581 930 796 995 permagnam
809 910 986 995 pecuniam
998 931 1095 995 popo·

188 1013 271 1081 seit:
294 1013 414 1081 deinde
429 1013 473 1079 ed
486 1013 522 1079 id
533 1014 693 1099 pervenit,
704 1014 794 1099 quod
803 1014 919 1081 confici
930 1017 1050 1101 potuit,
1062 1023 1096 1081 et

187 1118 248 1183 HS
270 1126 420 1187 sescenta
439 1120 662 1205 quadraginta
682 1120 775 1185 milia
796 1120 916 1186 deferri
933 1121 977 1185 ad
991 1142 1026 1187 se
1041 1122 1096 1187 do-

186 1246 282 1291 mum
295 1226 402 1293 iussit
448 1225 542 1305 Quae
564 1228 706 1313 pecunia
727 1228 827 1293 simul
843 1235 943 1312 etque
959 1229 1001 1293 ed
1016 1250 1095 1295 eum

188 1331 299 1398 delata
323 1338 386 1414 cst,
399 1334 500 1399 homo
521 1333 766 1418 impurissimus
792 1334 906 1398 statim
931 1335 1037 1420 eoepit
1059 1334 1095 1400 in
1220 1340 1223 1347 '

187 1437 260 1503 sins
288 1438 379 1504 modi
408 1446 520 1505 mento
549 1446 585 1506 ct
612 1439 810 1523 cogitatione
838 1441 983 1505 versari:
1011 1434 1095 1505 nihil

187 1563 258 1611 csec
287 1544 357 1609 suis
384 1545 567 1615 rationibus
597 1544 715 1611 utilius
748 1566 850 1629 quam
877 1536 1095 1631 Oppianicum

187 1649 421 1717 condemnari:
444 1651 505 1717 illo
529 1650 681 1719 absoluto
710 1652 884 1737 pecuniam
913 1652 1006 1718 illam
1035 1660 1095 1719 aut

186 1755 354 1823 iudicibus
365 1755 623 1841 dispertiendam
632 1763 694 1822 aut
708 1756 770 1843 ipsi
780 1778 850 1823 esse
865 1758 1092 1825 reddundum:

188 1864 345 1933 damnato
360 1864 581 1949 repetiturum
594 1872 665 1930 esse
679 1865 857 1931 neminem.
900 1864 953 1932 70.
977 1864 1094 1950 Itaque

186 1989 259 2039 rem
277 1970 444 2055 excogitet
464 1968 678 2055 singularem.
723 1967 834 2056 Atque
848 1971 943 2053 haec,
957 1972 1094 2053 iudices,

187 2095 273 2160 quae
294 2095 374 2141 vcra
395 2075 556 2143 dicuntur
576 2095 599 2141 e
619 2075 725 2158 nobis,
745 2076 875 2141 facilius
897 2077 1048 2159 credetis,
1067 2076 1095 2143 si

187 2202 266 2247 cum
279 2181 399 2247 animis
419 2182 537 2249 vestris
557 2180 657 2266 longo
679 2182 852 2249 intervallo
873 2182 1039 2247 reeordari
1055 2181 1094 2246 O.

188 2286 314 2353 Staieni
339 2288 443 2355 vitem
469 2293 505 2355 ct
527 2294 687 2355 naturam
708 2287 889 2354 volueritis.
933 2286 1021 2352 Nem
1041 2308 1096 2372 pe-
1150 2310 1163 2316 ··

187 2392 283 2459 rinde
297 2399 339 2463 ut
352 2394 464 2479 opinio
477 2399 529 2461 est
542 2394 584 2459 de
599 2394 762 2478 cuiusque
779 2394 938 2475 moribus,
952 2393 1000 2458 ita
1013 2393 1096 2477 quid
1180 2381 1184 2389 ’

187 2498 230 2564 ab
244 2518 284 2565 eo
297 2498 425 2566 factum
438 2505 500 2565 aut
513 2519 582 2566 non
592 2499 719 2565 iactum
730 2499 773 2567 sit
784 2499 965 2563 existimari
976 2500 1098 2586 potest}-

187 2602 322 2669 XXVI.
346 2604 461 2683 Quum
482 2610 568 2672 essct
589 2625 701 2689 egeas,
724 2611 947 2691 sumptuosus,
961 2606 1095 2689 audax,
1181 2688 1183 2691 Ι

187 2710 341 2793 callidus,
354 2710 562 2796 perfidiosus,
577 2717 612 2779 et
625 2734 733 2797 quum
755 2712 844 2779 domi
859 2728 938 2779 suae
953 2714 1095 2779 miserri-

186 2817 251 2881 mis
263 2817 301 2883 in
314 2817 396 2884 locis
415 2824 451 2886 ct
471 2818 671 2886 inanissimis
692 2821 824 2885 tantm
845 2840 1026 2886 numerum
1040 2842 1095 2906 po-

186 2922 291 2989 situm
314 2924 454 3006 videret,
474 2924 518 2990 ad
542 2944 676 2995 omnem
701 2925 862 2991 malitiam
888 2932 922 2993 et
943 2926 1095 2991 fraudem

186 3048 317 3103 versare
340 3036 487 3100 mentem
512 3051 608 3099 cuam
632 3033 758 3117 coepit:
783 3032 854 3116 Ego
878 3033 954 3095 dem
979 3030 1095 3097 iudici-

184 3133 275 3199 bus?
297 3135 463 3220 mihiipsi
486 3136 590 3221 igitur
612 3144 743 3222 practer
764 3136 951 3223 periculum
964 3143 998 3200 et
1013 3135 1094 3199 infa-

185 3238 289 3305 miam
303 3240 386 3325 quid
400 3248 581 3327 quaeretur
588 3242 607 3307 'i
630 3243 724 3311 Nihil
739 3243 922 3326 excogitem
937 3260 1038 3325 quam
1053 3241 1096 3305 ob.

184 3364 258 3411 rem
271 3345 490 3439 Oppianicum
504 3347 655 3414 damnari
670 3366 802 3415 neeesse
824 3346 890 3413 sit?
915 3346 1004 3425 Quid
1023 3353 1095 3411 tan·

82 3469 86 3477 ·
185 3450 513 3523 dem-nihil-onirn
534 3461 585 3521 cst
606 3454 697 3539 qued
718 3452 790 3521 fieri
804 3474 871 3519 non
886 3454 1050 3538 possit-2,
1067 3453 1094 3519 si

183 3557 260 3643 quis
274 3577 354 3627 cum
368 3557 453 3625 ferte
468 3580 564 3628 cacus
579 3580 621 3629 cx
636 3557 784 3644 periculo
800 3558 968 3643 eripuerit,
984 3578 1095 3623 nonne

491 3664 513 3729 4
