2667 4034
374 359 446 402 oar.
468 359 678 403 axa-axvi.
720 342 751 408 ἐξ
768 342 933 400 184-188.
1068 341 1104 398 99
1188 385 1200 402 .

197 530 318 595 litteris
344 529 544 613 conscriptas
568 528 604 594 in
629 529 793 592 iudicium
819 529 965 594 adferas:
998 548 1106 612 neque

199 657 317 725 earum
336 644 506 699 auctorem
527 635 716 699 litterarum
739 655 847 718 neque
866 635 1106 718 obsignatorem

199 764 307 826 neque
336 749 456 807 testem
485 741 595 806 ullum
627 740 837 806 nominabis?
875 747 909 806 et
939 761 1038 824 quam
1068 746 1106 804 tu

199 856 325 932 pestem
353 847 621 912 innocentissimo
649 846 718 912 filio
745 867 786 912 ex
813 848 928 911 matris
952 847 1026 910 sinu
1053 846 1106 909 de

200 954 408 1038 prompseris,
437 953 523 1016 hanc
552 952 589 1016 hi
618 953 700 1016 tales
729 953 793 1017 viri
824 950 1105 1037 comprobabunt?

199 1059 299 1123 Esto:
324 1059 360 1122 in
375 1058 503 1123 tabellis
518 1058 601 1122 nihil
616 1064 666 1122 est
681 1059 903 1124 auctoritatis:
928 1058 1021 1142 quid,
1035 1059 1107 1142 ipsa

200 1167 349 1250 quaestio
364 1165 542 1245 iudicibus,
553 1165 646 1248 quid,
658 1165 771 1230 amicis
786 1165 1032 1249 hospitibusque
1045 1165 1107 1248 Op-

201 1272 334 1356 pianici,
344 1292 426 1354 quos
440 1271 637 1334 adhibuerat
651 1276 761 1350 antea,
770 1271 863 1353 quid,
877 1271 957 1334 huic
972 1271 1107 1334 tandem

200 1377 263 1461 ipsi
284 1377 426 1461 tempori
448 1397 510 1441 eur
530 1397 597 1440 non
620 1383 786 1442 reservata
808 1376 881 1441 est?
929 1376 1017 1453 Quid
1036 1376 1108 1440 istis

200 1483 390 1547 hominibus
415 1482 541 1546 sactum
566 1489 627 1564 est,
654 1481 807 1547 Stratone
834 1473 872 1548 et¹
897 1481 1105 1548 Nicostrato?

201 1587 276 1654 187.
305 1587 436 1666 Quaero
459 1588 515 1652 abs
537 1594 583 1669 te,
605 1589 794 1673 Oppianice,
818 1577 909 1662 servo
931 1596 990 1653 tuo
1012 1588 1107 1652 Nico

202 1701 304 1759 strato
327 1694 410 1777 quid
434 1694 560 1758 sactum
586 1715 656 1760 esse
678 1695 794 1760 dieass
815 1715 914 1778 quem
936 1702 987 1775 tu,
1002 1716 1108 1779 quum

157 1819 162 1828 ·
201 1801 291 1864 hunc
316 1801 408 1864 brevi
433 1807 579 1885 tempore
605 1807 821 1866 accusaturus
846 1821 942 1878 esses,
966 1799 1107 1865 Romam

202 1907 375 1986 deducere,
392 1906 470 1971 dare
490 1914 685 1990 potestatem
707 1907 887 1987 indicandi,
905 1907 1107 1972 incolumem

202 2013 343 2096 denique
357 2033 487 2077 servare
497 2013 693 2096 quaestioni,
709 2033 838 2076 servare
858 2012 910 2075 his
930 2013 1106 2094 iudicibus,

203 2139 331 2183 servare
354 2119 434 2182 huic
453 2118 593 2202 tempori
611 2117 764 2181 debuisti.
810 2117 897 2182 Nam
920 2117 1107 2182 Stratonem

201 2225 347 2308 quidem,
368 2225 505 2305 iudices,
524 2225 561 2288 in
583 2243 716 2288 crucem
742 2243 811 2288 esse
838 2230 950 2288 aetum
977 2233 1108 2289 exsecta
1156 2227 1159 2234 ⁴

202 2331 317 2396 scitote
339 2330 474 2413 ihrgua:
507 2330 596 2413 quod
619 2351 716 2396 nemo
742 2329 951 2394 Larinatium
977 2329 1107 2412 estqui

201 2438 336 2502 neseiat.
382 2436 510 2502 Timuit
535 2437 657 2501 mulier
682 2447 795 2501 amens
820 2443 888 2501 non
914 2456 1008 2500 suam
1034 2456 1108 2500 cen-

202 2544 384 2624 scientiam,
408 2565 474 2609 non
501 2543 615 2608 odium
643 2543 863 2627 municipum,
892 2563 960 2606 non
985 2540 1108 2626 famam
1165 2596 1169 2602 .

202 2650 364 2730 omnium,
379 2649 436 2713 sed
451 2650 545 2732 quasi
564 2670 632 2713 non
647 2668 760 2713 omnes
776 2648 847 2712 eius
863 2647 993 2712 sceleris
1008 2655 1108 2713 testes

202 2756 313 2820 essent
332 2754 450 2834 futuri,
473 2755 519 2818 sie
542 2754 675 2833 metuit,
692 2773 734 2817 ne
756 2753 1032 2819 condemnaretur
1054 2776 1108 2820 ex-

201 2868 308 2925 trema
323 2861 445 2926 servuli
459 2879 538 2925 voce
554 2859 735 2926 morientis.

246 2965 322 3030 188.
340 2965 437 3044 Quod
451 2966 513 3029 hoc
524 2971 727 3050 portentum,
737 2966 769 3030 di
786 2966 1002 3033 immortales!
1019 2968 1108 3050 quod

202 3078 335 3137 tantum
358 3077 542 3136 monstrum
564 3071 599 3134 in
621 3070 700 3148 uilis
720 3071 825 3136 locis?
857 3071 947 3153 qued
969 3078 1038 3135 tam
1059 3073 1108 3134 in·
1173 3115 1176 3120 -

203 3179 323 3242 sestam
345 3176 451 3242 scelus
475 3183 509 3240 et
531 3176 676 3242 immane
701 3183 761 3242 aut
781 3176 871 3240 unde
896 3183 1013 3265 natum
1038 3195 1107 3240 esso

203 3282 373 3347 dicamus?
404 3283 476 3366 Iam
492 3283 711 3347 enimvidetis
726 3267 1107 3366 profecto‚iudices,non
1148 3369 1152 3376 ι

203 3390 273 3454 sino
296 3389 487 3454 necessariis
507 3409 560 3452 me
580 3409 618 3453 ae
638 3387 792 3452 maximis
812 3388 931 3467 causiS,
949 3387 1108 3471 principio

203 3497 359 3562 orationis
374 3503 466 3560 meae
482 3495 523 3558 de
538 3501 643 3558 matre
660 3494 791 3558 dixisse.
837 3493 929 3557 Nihil
952 3498 1001 3557 est
1020 3493 1112 3556 eninr

203 3602 294 3683 mali,
317 3600 401 3666 nihil
426 3598 556 3664 sceleris
579 3599 668 3680 quod
691 3599 749 3662 illa
770 3619 836 3662 non
859 3599 900 3661 ab
922 3597 1017 3661 initio
1040 3596 1109 3662 filio
