2667 4034
374 341 446 384 cnr.
467 342 633 384 xnrx-n.
674 325 886 392 §5136-139.
1049 329 1086 385 73

177 511 356 595 flagitarat,
379 510 468 574 idem
493 509 530 574 G.
552 508 642 573 Iunii
664 508 737 591 filii,
760 511 855 595 pueri
878 513 1019 596 parvuli,
1043 513 1088 577 la-

177 619 289 682 crimis
314 625 509 698 commotuS,
532 618 679 681 maximo
703 618 846 682 clamore
868 626 903 683 et
925 641 1087 684 concursu

177 731 283 789 totam
312 725 538 808 quaestionem
568 723 662 787 illam
692 730 725 788 et
754 723 862 809 legem
888 728 1085 810 repudiavit.

177 829 254 895 138.
309 831 360 895 Ex
383 822 457 915 ¹quo
486 829 630 914 intelligi
659 831 770 915 potuit
798 832 845 913 id,
872 833 961 916 quod
992 856 1086 919 saepo

178 936 306 1000 dictum
335 943 405 1002 est:
437 943 478 1000 ut
506 956 609 1017 mare,
639 936 729 1020 quod
758 945 879 1002 natura
909 960 970 1003 suc
999 948 1086 1004 trau-

177 1043 321 1126 quillum
344 1043 398 1124 sit,
422 1048 599 1107 ventorum
623 1042 657 1105 vi
682 1042 799 1126 agitari
823 1049 922 1127 utque
946 1046 1085 1131 turbari,

166 1148 224 1235 ‘sic
241 1147 408 1232 populum
433 1147 624 1212 Romanum
650 1169 711 1211 sua
737 1156 851 1232 sponte
882 1170 950 1214 esso
980 1151 1086 1234 placu-

176 1259 272 1318 tum:
295 1253 472 1318 hominum
492 1253 724 1318 seditiosorum
744 1254 879 1318 vocibus
904 1262 943 1318 ut
966 1256 1087 1320 violen-

175 1358 310 1423 tissimis
328 1360 576 1444 tempestatibus
596 1360 763 1424 concitari.

221 1463 261 1527 L.
291 1464 352 1529 nst
384 1466 485 1529 etiam
521 1465 650 1549 reliqua
683 1486 863 1550 permagna
895 1467 1086 1550 auctoritas,

176 1592 278 1654 quam
305 1591 365 1654 ego
391 1573 534 1656 turpiter
559 1593 662 1656 paene
688 1574 864 1658 praeterii:
896 1595 971 1638 mea
997 1576 1086 1640 enim

176 1696 247 1741 esse
270 1677 403 1742 dicitur.
457 1676 623 1742 Recitavit
648 1697 690 1742 ex
717 1679 864 1744 oratione
886 1681 996 1745 nescio
1019 1701 1086 1764 qua

175 1783 309 1864 Accius,
326 1803 427 1866 quam
446 1797 556 1848 meam
575 1804 645 1848 esse
666 1784 805 1867 dicebat,
826 1787 1085 1852 cohortationem

175 1889 356 1972 quamdam
386 1889 538 1954 iudicum
567 1890 610 1954 ad
639 1891 776 1957 honeste
805 1891 1022 1957 iudicandum
1051 1898 1085 1964 ct

176 1995 522 2060 commemorationem
558 2016 664 2079 quum
700 1997 843 2060 aliorum
875 1998 1084 2078 iudiciorum,

175 2120 262 2183 quae
291 2101 428 2184 probata
456 2122 524 2166 non
549 2108 669 2182 essent,
695 2107 770 2166 tum
792 2101 883 2165 illius
908 2103 1010 2184 ipsius
1036 2103 1085 2165 iu-

135 2214 137 2217 ’
176 2205 256 2269 dicii
279 2194 434 2271 Iuniani:
458 2206 595 2291 proinde
621 2206 717 2290 quasi
743 2226 803 2289 ego
829 2226 896 2270 non
923 2207 963 2268 ub
982 2206 1085 2284 ‘initio
1168 2271 1174 2280 ,

174 2311 277 2376 huius
303 2311 500 2377 defensionis
527 2313 667 2377 dixerim
692 2311 892 2376 invidiosum
920 2310 1006 2375 illud
1036 2311 1084 2374 iu-

97 2401 100 2408 ’
176 2415 302 2482 dicium
323 2418 436 2499 fuisse,
452 2425 523 2499 aut,
538 2440 644 2502 quum
664 2417 706 2482 dc
728 2417 865 2483 infamia
884 2414 1085 2482 iudiciorum

177 2522 392 2607 disputarem,
414 2505 580 2608 potuerim
601 2522 698 2603 illud,
721 2521 812 2605 quod
835 2529 904 2585 tam
927 2522 1083 2605 populare

175 2637 262 2692 essct
275 2629 311 2692 in
325 2628 383 2694 illo
398 2637 545 2713 tempore
566 2629 754 2714 praeterire.
802 2625 877 2691 139.
901 2626 972 2710 Ego
994 2647 1084 2710 vero,

119 2801 125 2808 ,
176 2733 310 2817 siquid
340 2735 527 2800 eiusmodi
553 2735 635 2816 dixi,
665 2755 773 2819 neque
800 2734 970 2818 cognitum
1000 2744 1084 2800 'com-

175 2841 356 2904 memoravi
373 2861 481 2924 neque
502 2843 562 2925 pro
582 2841 768 2906 testimonio
784 2839 865 2918 dixi,
881 2845 915 2904 et
936 2839 994 2903 illa
1014 2861 1084 2905 ora-

175 2945 223 3011 tio
248 2945 358 3029 potius
382 2947 539 3030 temporis
562 2947 627 3011 mei
651 2967 753 3030 quam
775 2944 890 3010 iudicii
914 2951 947 3009 et
974 2954 1084 3010 aucto-

176 3052 283 3117 ritatis
313 3053 389 3117 fuit.
436 3053 551 3130 Quum
587 3053 676 3118 enim
713 3071 919 3138 accusarem,
935 3056 970 3114 ct
1002 3051 1083 3113 mihi

175 3157 271 3223 initio
293 3159 547 3244 proposuissem,
566 3164 607 3222 ut
628 3159 754 3223 animos
775 3162 810 3222 et
831 3153 945 3240 populi
966 3151 1084 3218 Roma·

176 3265 212 3329 ni
246 3271 280 3328 ct
308 3265 459 3330 iudicum
489 3284 740 3343 commoverem,
769 3278 940 3345 quumque
970 3277 1083 3328 omnes

175 3371 370 3436 offensiones
392 3371 592 3437 iudiciorum
610 3392 677 3434 non
696 3390 738 3433 ex
756 3387 830 3432 mee
847 3365 1011 3449 opinione,
1026 3362 1083 3427 sed

175 3497 217 3542 ex
237 3477 411 3542 hominum
428 3497 562 3542 rumore
580 3475 771 3561 proferrem,
785 3471 883 3535 istam
900 3491 983 3550 rem,
998 3487 1100 3554 quec-

175 3590 245 3647 tam
267 3572 470 3667 populariter
492 3587 576 3648 esset
595 3580 731 3664 agitata,
748 3575 925 3662 praeterire
944 3594 1011 3639 non
1030 3593 1082 3658 po-

482 3688 502 3753 7
