2667 4034
246 323 304 382 106
466 337 530 379 rao
552 336 582 376 u.
605 335 768 412 concurro
792 335 923 378 casuro.

244 509 469 590 virtutemque
484 505 632 590 diligitis,
646 505 754 572 levate
771 505 862 570 hunc
880 505 1058 589 aliquando
1078 526 1155 592 sup

244 614 364 700 plicem
377 619 536 693 vostrum,
547 611 686 693 iudices,
697 616 748 678 tot
762 631 864 677 annos
879 611 915 676 in
930 610 1013 676 falsa
1027 611 1156 678 invidia

244 719 466 806 periculisque
493 723 675 800 versam,
700 716 760 802 qui
785 737 875 782 nunc
903 717 1051 801 primum
1079 724 1155 803 post

244 826 339 891 illum
357 826 528 891 flammam
546 825 691 890 alionum
707 824 794 890 facto
811 831 846 890 et
866 825 1047 909 cupiditate
1067 825 1154 890 cxci·-

245 938 349 998 tatam
371 951 428 1016 epo
448 936 576 996 vostrae
600 930 776 1015 aeqrutatis
800 931 926 1014 erigere
949 931 1099 999 animum
1119 936 1155 996 ct
1238 1007 1242 1022 Ι

244 1038 397 1125 paullum
414 1037 574 1122 respirare
590 1030 718 1104 amatu
735 1022 853 1122 coepit,
869 1037 924 1102 cui
936 1037 1052 1122 posita
1074 1043 1155 1102 sunt

243 1145 281 1211 in
294 1145 387 1229 uobis
401 1143 523 1226 omnia,
536 1163 639 1228 quem
660 1149 829 1210 servatum
850 1162 920 1209 esse
942 1143 1078 1229 plurimi
1096 1164 1153 1209 cu-

117 1296 124 1306 ·
241 1251 359 1338 piunt„
376 1269 506 1316 servare
529 1250 671 1316 solivae
694 1249 839 1334 potastis.
886 1247 962 1314 201.
994 1249 1074 1314 Orat
1094 1269 1153 1314 vos

213 1396 217 1404 -
243 1355 402 1439 Habitus,
416 1357 554 1438 iudices,
565 1362 600 1422 ct
613 1356 697 1421 flens
712 1356 871 1438 obsecrat,
885 1375 928 1420 nc
944 1375 979 1421 sc
996 1355 1153 1433 invidiae,

240 1483 330 1547 quae
344 1463 381 1528 in
394 1462 526 1528 iudiciis
540 1461 650 1528 valere
663 1482 732 1528 non
748 1461 855 1543 debet,
870 1481 913 1526 nc
928 1453 1040 1543 mbtri,
1056 1461 1153 1526 cuius

243 1574 322 1634 vota
335 1574 370 1635 ct
383 1589 495 1654 preces
511 1568 662 1633 avcstris
680 1567 846 1634 mentibus
868 1566 1043 1652 repudiare
1059 1567 1153 1632 debe-
1196 1549 1201 1558 ⁸

244 1675 298 1756 tis,
321 1695 365 1740 ne
394 1674 585 1759 Oppianico,
609 1673 739 1740 homini
767 1673 903 1755 nefario,
934 1671 1152 1738 condemnabo

243 1779 312 1844 iam
326 1785 360 1845 ct
373 1785 517 1861 mortuo,
527 1780 731 1846 condonetis.
777 1778 905 1844 LXXI.
931 1778 1029 1858 Quod
1043 1779 1071 1844 si
1085 1798 1153 1863 qua

244 1883 414 1954 calamitas
434 1885 527 1974 hunc
546 1885 584 1950 in
601 1885 664 1951 hoc
679 1885 802 1951 iudicio
817 1885 985 1952 adflixerit
998 1886 1152 1950 innocen-

245 1986 324 2072 tem,
333 2009 396 2056 nae
406 1989 469 2056 istc
479 1990 590 2073 miser,
602 1990 642 2074 si,
651 1991 688 2056 id
698 1991 787 2075 quod
800 1991 931 2074 difficile
943 1990 1036 2056 factu
1047 1996 1107 2073 est,
1115 1991 1153 2056 in

244 2095 314 2161 vita
328 2096 522 2178 remanebit,
538 2115 633 2181 saepe
649 2103 685 2172 ct
703 2097 849 2162 multum
867 2103 1027 2182 queretur
1042 2098 1153 2182 deprc

244 2201 387 2268 hcnsum
409 2223 479 2268 ceso
502 2202 588 2267 illud
610 2203 779 2287 quondam
802 2203 1036 2268 Fabricianum
1057 2222 1152 2268 vene-

244 2330 339 2374 num.
371 2307 468 2387 Quod
479 2309 507 2374 ai
518 2314 593 2373 tum
605 2308 793 2374 indicatum
806 2330 875 2388 non
887 2314 983 2391 essct,
995 2329 1062 2374 non
1072 2307 1153 2373 huic
1273 2305 1275 2310 ’

246 2415 530 2481 aerumnosissimo
540 2427 708 2481 venenum
722 2415 809 2481 illud
822 2415 950 2498 fuisset,
962 2415 1020 2482 scd
1033 2414 1153 2480 multo-

245 2544 323 2587 rum
347 2522 627 2588 medicamentum
654 2521 826 2587 laborum:
861 2528 1026 2607 postremo
1052 2521 1153 2586 etiam

245 2628 381 2693 fortasse
396 2633 503 2693 mater
522 2627 695 2711 exsequias
717 2627 809 2692 illius
831 2627 958 2693 funeris
979 2634 1153 2713 prosecuta

245 2740 386 2798 mortem
410 2754 444 2798 sc
469 2734 531 2799 filii
553 2735 669 2819 lugere
695 2734 892 2800 sinuessa.
953 2734 1052 2799 Nunc
1074 2755 1153 2800 vero

246 2838 326 2921 quid
337 2839 400 2903 erit
414 2839 681 2924 profectum,niai
691 2846 733 2906 ut
742 2841 843 2906 huius
855 2862 897 2906 cx
908 2841 1026 2907 mediis
1037 2841 1153 2906 mortis

246 2943 374 3009 insidiis
387 2945 457 3010 vita
471 2945 513 3010 ad
527 2945 659 3012 luctum
679 2954 871 3021 conservata
891 2967 980 3012 mora
1003 2947 1153 3031 sepulcro

212 3129 215 3134 ,
246 3051 348 3136 patris
369 3052 497 3137 privata
511 3073 580 3118 esse
594 3052 772 3120 rideatur?
815 3053 890 3118 202.
912 3053 999 3118 Satis
1014 3053 1073 3117 diu
1088 3052 1154 3117 fuit

179 3189 187 3206 ·
246 3157 282 3222 in
292 3158 445 3241 miseriis,
455 3159 600 3248 iudices:
621 3160 700 3226 satis
715 3159 838 3226 multos
854 3179 957 3226 annos
971 3179 1013 3224 cx
1028 3158 1154 3234 invidia

245 3264 416 3331 laboravit.
462 3266 567 3333 Nemo
592 3267 672 3332 huic
697 3273 768 3332 tam
789 3268 926 3352 iniquus
948 3273 1153 3352 praecetpa

246 3376 374 3435 rentem
400 3371 477 3453 fuit,
499 3374 594 3439 cuius
619 3393 687 3438 non
714 3373 865 3438 animum
890 3373 959 3438 iam
986 3371 1154 3457 expletum

247 3495 316 3540 esse
341 3483 506 3559 putemus.
563 3479 645 3561 Vos,
671 3472 731 3564 qui
758 3480 856 3564 aequi
884 3480 963 3546 estis
990 3478 1153 3560 omnibus,

189 3638 192 3642 ,
247 3579 317 3659 qui,
346 3582 550 3665 utquisque
576 3585 803 3652 crudelissimo
829 3590 1052 3672 oppugnatur,
1077 3605 1154 3652 cum
