2667 4034
385 290 709 333 car.uxv1..-uxu11.
751 275 782 340 ἐξ
807 275 970 332 188-192.
1072 278 1126 333 101

222 460 317 525 donis
331 461 538 541 muneribus,
551 460 763 526 collocatione
778 459 876 541 filiae,
893 447 956 544 spe¹
967 461 1129 526 heredita·
1200 498 1206 511 ·

219 567 263 630 as
286 567 471 632 obstrinxit.
518 566 663 638 nxvu.
687 566 741 630 na
763 551 853 650 quoe
874 567 962 651 apua
984 575 1128 632 caeteros
1205 576 1212 590 ·

219 674 313 737 novis
328 674 415 737 inter
430 674 629 758 propinquos
649 674 808 758 susceptis
829 673 1010 737 inimicitiis
1033 693 1126 758 saepe

218 778 292 842 fien'
307 778 448 842 divortia
463 786 562 862 atque
583 778 795 843 adfinitatum
810 778 949 842 discidia
962 779 1106 842 vidimus
1116 802 1133 844 ε.

218 883 300 948 haec
325 883 448 947 mulier
471 885 550 948 satis
571 883 707 947 firmum
728 890 953 949 accusatorem
974 883 1043 949 filio
1065 906 1126 951 suo

218 989 290 1054 fore
320 990 487 1054 neminem
516 990 657 1074 putavit,
681 989 745 1053 nisi
773 990 831 1073 qui
859 991 896 1054 in
925 991 1126 1056 matrimoni·

218 1117 278 1158 um
298 1116 443 1160 sororem
462 1096 536 1160 eius
558 1102 656 1160 antea
675 1096 834 1186 duxisset.
883 1096 1012 1161 anteri
1032 1098 1126 1162 novis
1208 1083 1213 1091 ¹

219 1201 446 1266 adfinitatibus
479 1203 617 1267 adducti
649 1209 776 1268 veteres
808 1203 996 1268 inimicitias
1030 1224 1134 1288 saepe·

219 1305 408 1390 deponunt:
438 1308 499 1372 illa
522 1309 583 1372 sibi
606 1309 649 1372 ad
673 1308 913 1372 confirmandas
937 1291 1154 1373 inimicitias·

218 1411 398 1495 adfinitatis
429 1414 696 1479 coniunctionem
726 1413 854 1497 pignori
884 1413 953 1477 fore
983 1414 1134 1497 putavit..
1194 1485 1205 1504 .

218 1516 294 1582 191.
318 1511 434 1604 Neque
456 1501 492 1584 in
514 1540 553 1584 ec
572 1519 680 1584 solum
695 1518 834 1602 diligens
849 1518 924 1600 fuit,
939 1524 979 1582 ut
995 1538 1124 1582 accusa-

192 1630 322 1702 torem
343 1625 413 1690 filio
436 1647 496 1690 suo
517 1630 732 1710 compararet,
753 1625 810 1689 sed
832 1624 933 1688 etiam
957 1625 1124 1708 cogitavit,
1228 1645 1232 1654 ·

217 1731 338 1814 quibus
364 1752 443 1795 cum
467 1732 566 1795 rebus
595 1737 749 1796 armaret.
809 1729 899 1810 Hine
929 1731 1018 1796 enim
1046 1730 1123 1795 illae

217 1822 463 1902 eossieitationes
496 1857 666 1902 serrorum
694 1843 728 1902 et
757 1836 855 1900 minis
884 1843 917 1900 et
946 1825 1123 1921 promissio,

211 1941 296 2030 'hinc
325 1942 403 2020 illae
432 1941 581 2006 infinitae
611 1942 921 2026 crudelissimaeque
948 1943 988 2006 de
1018 1926 1132 2006 morte

206 2048 387 2133 'Oppianici
410 2039 638 2132 quaestiones:
674 2049 793 2130 quibus
818 2048 920 2112 finem
946 2049 1123 2132 aliquando

146 2228 151 2236 ‚
216 2175 284 2221 non
309 2155 459 2219 mulieris
488 2155 619 2235 modus,
646 2154 704 2218 sed
734 2154 916 2218 amicorum
945 2155 1122 2218 auctoritas
1236 2231 1239 2236 ,

214 2261 315 2326 fecit:
344 2262 402 2328 Ab
416 2263 533 2327 eodem
551 2262 673 2326 scelere
692 2260 771 2324 illae
788 2260 932 2325 triennio
946 2265 1020 2344 post
1033 2261 1122 2324 habi·
1181 2313 1203 2342 s,

201 2362 269 2431 'tae
283 2366 398 2431 Larini
411 2368 638 2451 quaestiones:
667 2365 817 2431 eiusdem
839 2366 1002 2430 amentiae
1020 2365 1121 2430 salsae

215 2473 470 2557 conscriptiones
500 2474 755 2557 quaestionum:
794 2491 836 2536 ex
867 2470 982 2536 eodem
1011 2470 1121 2536 furore
1205 2552 1208 2558 Ι
1312 2527 1315 2534 .

215 2579 316 2642 etiam
337 2578 395 2642 illa
418 2579 643 2665 conscelerata
666 2577 810 2643 exsectio
832 2577 987 2660 linguae:
1019 2577 1121 2642 totius

214 2684 355 2768 denique
378 2685 479 2749 huius
501 2686 542 2749 ab
564 2685 624 2748 illa
645 2689 696 2749 est
718 2691 751 2748 et
765 2684 900 2756 inventa
914 2689 948 2748 et
963 2683 1122 2748 adornata

214 2792 413 2876 comparatio
428 2791 586 2856 oriminis.
618 2789 694 2855 192.
714 2791 826 2874 Atque
840 2790 892 2854 his
906 2791 1004 2855 rebus
1015 2811 1121 2874 quum

211 2879 416 2983 instructum
430 2887 656 2964 accusatorem
666 2896 736 2963 filio
748 2917 807 2962 suo
817 2895 958 2960 Romam
969 2897 1120 2976 misisset,

212 3003 283 3087 ipsa
311 3004 491 3090 paullisper
514 3005 815 3089 conquirendorum
838 3008 871 3066 et
894 3001 1120 3066 conducendo

212 3129 290 3172 rum
304 3109 441 3174 testium
455 3131 557 3174 eausa
569 3110 684 3174 Larini
699 3115 749 3173 est
763 3111 982 3173 commorata:
1008 3110 1121 3188 postea

213 3222 339 3298 autem,
361 3235 462 3300 quam
489 3217 749 3300 appropinquare
775 3213 876 3283 liuius
901 3211 1063 3274 iudicium
1089 3211 1120 3276 ei

211 3323 409 3387 nunciatum
431 3328 491 3401 est,
515 3319 687 3384 confestim
708 3318 775 3381 hue
797 3316 972 3397 advolavit,
995 3337 1037 3403 ne
1060 3321 1120 3380 aut
1209 3395 1211 3397 Ι

205 3427 458 3492 accusatoribus
481 3424 654 3508 diligentia
676 3431 735 3503 aut
755 3423 895 3506 pecunia
912 3423 1049 3487 testibus
1065 3421 1119 3486 de

203 3540 296 3600 »essct
321 3539 382 3598 aut
402 3551 445 3598 ne
467 3532 551 3597 torte
578 3529 685 3594 mater
705 3529 768 3597 hoc
791 3527 853 3593 sibi
878 3529 1119 3614 optatissimum

519 3637 569 3702 s*
