2667 4034
208 268 248 326 40
435 283 501 326 rao
521 282 553 326 a.
574 282 738 328 caesario
759 282 893 327 oacrio.

211 452 300 536 apud
322 452 468 519 iudicem
489 452 694 518 defendebat.
748 450 861 517 Facile
886 450 949 517 hoc
971 450 1117 517 Habitus

211 559 410 641 patiebatur,
424 558 521 624 facile
541 558 748 623 Cannutius:
773 564 810 623 at
831 578 898 622 non
919 558 1118 643 Oppianicus
1217 597 1220 601 -
1314 586 1315 595 ι

211 685 320 749 nequo
342 672 502 751 patronus
526 665 599 729 eius
624 663 663 729 L.
693 663 895 742 Quinctiuss
926 664 985 747 qui
1011 684 1120 747 quum

212 778 298 835 esset
318 771 376 837 illo
398 777 544 855 tempora
565 770 721 835 tribunus
741 768 857 855 plebis,
873 770 1060 835 convicium
1077 768 1117 835 Ο.

213 876 312 942 Iunio
336 876 441 941 indici
462 877 664 960 quaestionis
689 876 875 941 maximum
899 875 990 958 facit,
1011 881 1052 940 ut
1074 894 1120 940 no

213 984 284 1048 sino
305 981 401 1049 Aelio
425 982 463 1047 in
487 982 662 1047 consilium
687 976 822 1047 iream·
836 1001 1008 1066 quumque
1030 980 1066 1045 id
1088 981 1121 1047 ei

144 1131 147 1137 -
213 1110 273 1173 per
285 1088 427 1153 viatores
446 1087 596 1155 consulto
619 1086 841 1172 negligentius
862 1087 917 1171 agi
938 1087 1120 1169 videretur,

129 1280 133 1287 .
212 1195 283 1280 ipse
301 1215 319 1261 o
340 1194 474 1279 publico
494 1194 618 1262 iudicio
639 1194 684 1259 ad
704 1193 872 1279 privatum
895 1192 1021 1259 Staieni
1035 1193 1122 1259 iudi-

214 1303 305 1367 cium
319 1302 485 1387 proiectus
504 1307 557 1367 est
577 1308 613 1367 et
632 1300 720 1367 illud
741 1322 800 1387 pro
821 1308 984 1386 potestate
999 1300 1123 1365 dimitti

214 1409 331 1475 iussit:
357 1408 530 1475 Staienum
549 1410 619 1495 ipse
640 1409 685 1473 ad
699 1407 854 1475 subsellia
868 1409 1019 1474 adduxit.
1066 1408 1120 1475 75.

217 1515 439 1599 Consurgitur
458 1516 496 1580 in
516 1514 704 1595 consilium,
726 1536 832 1599 quum
858 1515 1037 1580 sententias
1058 1514 1124 1599 Op·

216 1622 378 1707 pionicus,
406 1641 492 1705 qaae
521 1628 596 1687 tum
623 1627 697 1687 erat
724 1627 879 1706 potestas,
903 1620 1014 1706 pelam
1042 1621 1123 1686 ferri

216 1727 302 1792 velle
317 1726 464 1808 dixisset,
479 1733 520 1792 ut
541 1726 696 1793 Staienus
718 1726 800 1791 scire
821 1732 930 1812 posset
951 1727 1033 1810 quid
1054 1726 1124 1792 cui-

217 1853 283 1917 que
298 1832 484 1897 deberetur.
526 1831 632 1897 Varia
644 1832 797 1899 iudicum
810 1852 953 1916 genera:
976 1832 1125 1897 numerii

210 1938 327 2024 pauci,
356 1938 414 2003 sed
448 1959 563 2005 omnes
597 1938 686 2003 irati.
732 1937 782 2004 Ut
815 1938 874 2022 qui
910 1938 1056 2023 accipere
1073 1937 1124 2029 in

217 2065 335 2130 eampo
348 2050 564 2127 consuerunt,
578 2045 620 2111 iis
634 2044 831 2125 candidatis,
845 2064 989 2128 quorum
1004 2064 1125 2109 numos

219 2172 407 2237 suppressos
429 2172 498 2217 esse
520 2157 653 2236 putant,
666 2150 885 2215 inimicissimi
907 2150 1014 2215 solent
1032 2169 1122 2214 esse:

219 2258 267 2324 sic
290 2259 361 2323 eius
381 2258 471 2324 modi
492 2258 618 2322 indices
638 2256 750 2321 infesti
773 2262 848 2321 tum
870 2276 927 2323 reo
952 2262 1122 2322 venerant.

221 2365 351 2432 Caeteri
379 2365 649 2431 nocentissimum
678 2384 748 2429 essa
780 2364 1036 2446 arbitrabantur,
1066 2364 1125 2429 sed

219 2473 453 2557 exspectabant
475 2471 655 2537 sententias
687 2490 921 2554 eorumquae
954 2476 1125 2555 corruptos

220 2598 290 2643 esse
309 2579 482 2661 putabant,
499 2583 541 2641 ut
562 2598 605 2642 ex
627 2577 669 2641 iis
692 2575 932 2642 constituerent
950 2596 972 2641 a
990 2596 1056 2659 quo
1075 2575 1126 2639 iu-

221 2682 346 2747 dicium
375 2689 568 2765 corruptum
596 2682 776 2747 videretur.
830 2680 1001 2746 XXVIII.
1040 2680 1126 2746 Eece

220 2786 282 2852 tibi
310 2786 382 2851 eius
410 2787 501 2851 modi
529 2787 667 2868 sortitio,
689 2794 731 2854 ut
755 2788 791 2851 in
817 2787 932 2873 primis
958 2786 1066 2853 Bulbo
1091 2792 1127 2852 et

221 2891 354 2958 Staieno
383 2897 418 2958 et
448 2890 572 2958 Guttae
600 2898 687 2959 esset
714 2893 942 2958 iudicandum.
989 2892 1127 2957 Summa

220 2999 371 3064 omnium
389 2999 596 3084 exspectatio
610 2999 773 3083 quidnam
796 3000 977 3064 sententiae
1003 2998 1128 3063 ferrent

220 3105 308 3170 leves
325 3126 364 3171 ac
385 3105 531 3171 nnmarii
551 3105 689 3171 iudices.
735 3105 847 3189 Atque
862 3105 913 3170 illi
927 3124 1041 3170 omncs
1057 3105 1127 3169 sine
1225 3151 1233 3165 .
1314 3122 1315 3155 ι

219 3210 292 3276 ulla
311 3211 516 3277 dubitatione
538 3211 770 3277 condemnant.
818 3210 870 3277 76.
894 3210 962 3277 Hic
983 3219 1057 3276 tum
1078 3210 1128 3274 in-

220 3316 327 3381 iectas
341 3324 392 3382 est
410 3318 600 3383 hominibus
615 3318 792 3401 scrupulus
807 3325 841 3384 et
855 3320 1019 3403 quaedam
1034 3318 1128 3383 dubi·

221 3421 304 3485 tatio
318 3422 479 3505 quidnam
495 3429 582 3487 esset
602 3429 725 3488 actum.
771 3423 900 3489 Deinde
915 3426 1065 3490 homines
1080 3444 1129 3488 sa·

221 3524 348 3605 pientes
371 3533 407 3591 et
431 3546 473 3591 ex
494 3533 606 3593 vetere
631 3527 691 3593 illa
716 3526 888 3612 disciplina
914 3530 1128 3613 iudiciorum,
