2667 4034
232 269 272 326 38
454 283 519 326 rso
540 282 571 325 ι.
593 281 757 326 eeussrro
779 280 909 327 casuro

232 451 446 517 reddundum
460 451 535 517 esti
573 451 851 535 Praecipitantem
873 450 977 533 igitur
995 450 1141 536 impello

233 578 319 639 mus,
330 558 451 641 inquit,
466 564 500 623 et
514 558 683 643 porditum
697 564 953 641 prosternamus.
1002 552 1055 621 71.
1081 558 1140 622 Oa·

233 663 282 747 pit
295 664 358 729 hoc
372 664 510 743 consilii,
521 670 562 728 ut
571 664 745 749 pecuniam
760 661 960 745 quibusdam
974 662 1140 729 iudicibus
1169 652 1172 657 Δ

233 769 404 833 levissimis
418 769 633 854 polliceatur:
657 768 777 833 deinde
798 788 872 831 eam
886 774 999 853 postea
1014 770 1154 853 suppri-'

205 881 321 939 mat:
344 882 396 955 ut,
425 875 582 957 quoniam
611 894 726 958 graves
755 865 904 938 homines
934 894 995 939 sua
1024 882 1140 959 sponte

233 1001 345 1046 severe
359 981 563 1046 iudicaturos
573 982 724 1066 putabat,
736 1000 803 1062 eos,
814 980 872 1065 qui
884 981 1021 1046 leviores
1032 989 1140 1061 eraut,

234 1088 446 1152 destitutione
470 1087 572 1151 iratos
598 1086 777 1172 Oppianico
799 1088 962 1153 redderet.
1009 1086 1140 1171 Itaque,

233 1200 273 1259 ut
287 1200 359 1259 erat
373 1213 499 1278 semper
512 1200 743 1279 praeposterus
765 1200 865 1277 atque
880 1212 1063 1277 perversus,
1078 1194 1141 1257 ini-

233 1301 320 1366 tium
339 1300 419 1366 facit
441 1320 462 1364 a
483 1299 602 1381 Bulbo,
618 1306 653 1365 et
676 1320 766 1381 eum,
781 1300 870 1383 quod
892 1300 960 1363 iarn
982 1299 1040 1363 diu
1056 1299 1140 1363 nihil

233 1407 430 1490 quaesierat,
444 1408 573 1471 tristem
598 1414 699 1489 atquc
726 1406 920 1483 oscitantem
943 1406 1059 1470 leviter
1080 1406 1141 1470 im-

213 1504 355 1599 pellit'
384 1513 472 1591 Quid
501 1513 567 1578 tu?
605 1514 726 1597 iuquit,
756 1514 873 1597 ecquid
908 1534 962 1579 me
992 1512 1140 1593 adiuvas,

233 1620 352 1697 Bulbe‚
378 1621 548 1703 aegrotis
573 1620 621 1685 rei
647 1620 798 1704 publicae
825 1618 1031 1684 serviamus?
1075 1618 1140 1683 Ille

137 1759 141 1765 ι
233 1745 323 1805 vero,
350 1724 576 1808 simulatque
602 1726 665 1790 hoc
691 1726 836 1789 audivit:
861 1723 912 1790 Ne
935 1726 1048 1808 gratis,
1065 1724 1141 1802 Quo

233 1831 334 1912 voles,
349 1830 471 1914 inquit,
487 1850 625 1914 ecquem
649 1832 707 1895 sed
728 1831 808 1917 quid
829 1829 961 1896 adfers?
1006 1830 1094 1895 Tum
1108 1830 1141 1895 ei

234 1937 454 2021 quadraginta
470 1937 574 2018 milia,
589 1937 617 2002 si
639 1943 725 2002 esset
745 1936 915 2002 absolutus
930 1936 1140 2021 Oppianicus,

233 2043 418 2129 pollicetur,
434 2051 469 2108 et
491 2064 580 2124 eum,
602 2050 644 2109 ut
664 2049 810 2109 caeteros
834 2042 987 2128 appellet,
1008 2044 1142 2127 quibus-

234 2171 313 2215 cum
341 2149 433 2234 loqui
462 2156 662 2230 consuesset,
689 2156 795 2233 rogat,
819 2156 919 2233 atquo
945 2149 1046 2213 etiam
1071 2150 1141 2233 ipse

234 2256 385 2321 conditor
413 2256 516 2320 totius
550 2255 679 2339 negocii
715 2254 855 2321 Guttam
890 2256 1033 2339 aspergit
1061 2256 1141 2321 huic

234 2360 353 2426 Bulbo.
400 2360 453 2429 72.
476 2360 595 2444 Itaque
612 2360 750 2425 minime
772 2380 904 2425 amarus
918 2362 959 2425 iis
973 2361 1063 2425 visus
1079 2368 1141 2443 est,
1185 2406 1190 2415 ·

233 2470 293 2552 qui
318 2468 445 2553 aliquid
470 2489 513 2535 ex
539 2469 611 2533 eius
637 2488 787 2533 sermons
813 2468 964 2553 speculae
989 2468 1141 2553 degusta-

234 2581 320 2641 rant.
361 2576 463 2650 ,linus
492 2582 528 2641 et
556 2576 641 2641 alter
671 2576 741 2640 dies
770 2575 1010 2655 intercesserat,
1035 2597 1141 2660 quum

234 2702 286 2745 res
308 2700 428 2764 parum
444 2688 540 2745 ‘cena
560 2680 756 2746 videbatur:
781 2688 949 2765 sequester
970 2690 1004 2747 et
1025 2682 1142 2747 coufir-

234 2792 343 2849 mator
370 2786 530 2870 pecuniae
560 2786 819 2851 desiderabatur.
876 2788 965 2853 Tum
998 2788 1169 2872 appellat

234 2890 340 2956 hilaro
365 2890 467 2955 vultu
496 2891 665 2957 hominem
696 2893 835 2975 Bulbus,
862 2900 902 2959 ut
929 2894 1141 2958 blandissime

234 3003 361 3081 potest:
387 2996 476 3075 Quid
498 3004 549 3079 tu,
564 2998 685 3081 inquit,
700 2998 950 3064 Paetei-hoc
973 2999 1141 3064 enimsibi

235 3102 389 3169 Staienus
411 3124 593 3188 cognomen
615 3124 658 3169 ex
680 3104 880 3188 imaginibus
895 3104 1067 3171 Aeliorum
1088 3104 1142 3168 de-

234 3209 370 3293 legerat,
405 3232 460 3293 ne,
496 3212 524 3277 si
559 3232 594 3276 se
629 3210 786 3295 Ligurem
821 3213 961 3294 fecisset,
998 3212 1141 3277 nationis

234 3316 339 3398 magis
360 3336 462 3399 quam
483 3317 613 3399 generis
632 3317 684 3379 uti
706 3318 900 3399 cognomine
919 3317 1143 3383 videretur—

235 3441 301 3501 qua
316 3421 357 3485 de
374 3442 410 3485 re
429 3442 562 3510 meeum
582 3423 716 3487 loeutus
737 3442 783 3503 as,
798 3431 966 3508 quaerunt
980 3442 1000 3487 a
1015 3444 1067 3489 me
1082 3413 1141 3488 ubi
1228 3490 1231 3495 ,

236 3524 280 3586 sit
289 3526 439 3605 pecunia.
484 3526 552 3593 Hic
561 3527 619 3592 ille
631 3526 750 3611 planus
761 3528 1031 3613 improbissimus,
1043 3514 1142 3617 quae&
