2667 4034
309 777 315 789 .
379 725 424 783 M.
445 726 593 786 TULLII
623 724 853 787 CICERONIS

215 936 324 1010 PRO
360 937 744 1013 acutulum
781 941 1008 1017 HABITO

325 1148 533 1258 oaauro
568 1149 642 1221 AD
678 1149 895 1225 rumores.
992 1214 1000 1235 .

344 1620 349 1626 ,
453 1554 774 1615 ARGUMENTUM.

195 1708 232 1762 A.
254 1707 428 1763 Oaunurrus
440 1709 574 1763 Haemus
588 1727 603 1763 e
614 1710 757 1783 municipio
770 1708 890 1765 Larinati
898 1728 981 1783 quum
995 1708 1071 1767 Sulla

159 1804 188 1851 et
199 1797 326 1870 Pompeio
338 1816 402 1852 cosa
415 1817 440 1852 a.
454 1818 483 1871 p.
497 1818 524 1852 u.
539 1817 564 1853 c.
579 1805 630 1852 667
643 1807 762 1853 mortuus
775 1808 853 1866 esset,
865 1798 972 1871 reliquit
987 1800 1069 1855 filium

105 1935 110 1943 .
159 1886 197 1939 A.
217 1886 368 1940 Cluentium
380 1886 510 1940 Habitum
521 1895 605 1941 annos
623 1908 660 1942 xv
678 1898 778 1955 natum,
789 1890 919 1961 grandem
936 1897 1025 1943 autem
1041 1897 1070 1943 et

158 1974 276 2028 nubilem
299 1974 388 2041 filiam,
406 1994 476 2047 quaa
500 1973 589 2049 paullo
608 1986 668 2050 post
691 1976 780 2050 nupsit
799 1977 835 2031 A.
856 1976 941 2030 Aurio
959 1976 1069 2031 Melino.

161 2065 215 2118 Sed
226 2084 310 2137 quum
321 2084 379 2120 rem
391 2085 452 2119 curn
463 2086 563 2139 genero
575 2086 622 2128 suo
640 2086 729 2121 socrus
749 2066 842 2133 Sassia,
855 2075 941 2120 mater
955 2067 991 2121 A.
1008 2066 1069 2121 Clu·

159 2153 226 2207 eutii
242 2154 342 2222 Habiti,
354 2156 452 2209 babere
465 2155 609 2223 rideretur,
622 2154 739 2209 discessit
754 2174 771 2209 a
787 2154 889 2208 Melino
903 2154 1026 2209 Cluentia
1042 2164 1069 2210 et

127 2317 129 2320 Ι
157 2261 247 2297 socrus
266 2262 365 2316 genero
383 2244 474 2315 nupsit
492 2244 600 2299 biennio
616 2253 676 2317 post
693 2243 798 2315 nuptias
816 2242 894 2297 filiae.
942 2242 1004 2297 Non
1023 2245 1068 2298 diu

157 2332 210 2385 fuit
229 2332 315 2387 Sassia
335 2351 397 2386 cum
417 2332 528 2387 Melino.
566 2334 614 2387 Ille
638 2334 710 2387 enim
728 2352 811 2405 quum
830 2332 1024 2387 accusationem
1040 2332 1069 2387 in
1144 2390 1147 2395 Α

160 2420 272 2474 Statium
295 2421 404 2475 Albium
418 2418 609 2493 ’Oppianicum'
624 2430 741 2493 pararet,
752 2421 799 2493 qui
817 2421 873 2475 eius
890 2421 1069 2493 propinquum

158 2509 282 2563 occidisse
306 2495 450 2577 dicebatur,
476 2519 584 2564 auctore
610 2509 769 2581 Oppianico,
793 2509 839 2581 qui
862 2509 891 2562 in
915 2518 1000 2563 castra
1031 2511 1066 2573 Q.

71 2621 75 2627 ·
157 2597 258 2652 Metelli
270 2600 374 2671 fugerat
385 2608 413 2652 et
427 2599 549 2652 Sullanas
560 2607 650 2671 partes
667 2606 770 2653 secutus
788 2606 853 2664 erat,
865 2598 1024 2670 proscriptus
1041 2607 1068 2653 et

157 2687 257 2740 occisus
268 2696 316 2741 est.
353 2688 381 2741 Is
393 2687 459 2759 ipse,
476 2687 647 2759 Oppianicus,
659 2687 706 2759 qui
718 2686 859 2741 sustulerat
871 2687 926 2740 eius
937 2687 1067 2755 maritum,

160 2776 271 2830 Sassiam
286 2775 315 2830 in
333 2776 528 2830 matrimonium
545 2776 630 2830 duxit
669 2776 760 2841 Quum
777 2776 865 2831 multis
882 2779 916 2831 de
934 2777 1017 2839 causis
1030 2780 1066 2832 Λ.

158 2865 311 2919 Cluentium
320 2864 449 2919 Habitum
460 2865 532 2919 inter
542 2874 570 2919 et
582 2865 694 2920 matrem
705 2865 817 2920 Sassiam
832 2866 938 2938 eiusque
945 2866 1069 2920 maritum

159 2954 338 3027 Oppianicum
360 2954 513 3010 inimicitiae
532 2957 737 3023 intercederent,
756 2976 815 3029 spes
840 2966 929 3011 autem
953 2966 1027 3022 esset,
1047 2960 1068 3010 si

156 3042 280 3099 intestato
303 3053 422 3098 mortuus
446 3054 514 3101 esset
545 3045 692 3113 Cluentius,
715 3046 841 3100 heredem
865 3047 921 3099 fore
945 3054 1067 3109 matrem,

157 3142 307 3188 statuerunt
318 3133 375 3188 eius
385 3143 472 3189 mater
482 3143 510 3189 et
521 3135 638 3189 vitricus
648 3154 709 3189 eum
727 3153 832 3189 veneno
850 3133 954 3187 tollere·
989 3132 1068 3196 Quod

156 3241 239 3295 quum
250 3222 339 3277 conati
350 3232 438 3277 emeat
448 3224 535 3278 facere
544 3243 594 3278 nec
607 3212 698 3278 tamen
707 3243 764 3277 rem
772 3221 952 3295 perfecissent,
961 3222 1069 3274 damna-

156 3320 185 3366 to
207 3312 322 3385 primum
341 3312 513 3379 Scamandro,
530 3313 625 3367 liberto
649 3312 681 3366 L.
694 3310 817 3377 Fabricii,
836 3309 934 3364 deinde
958 3308 991 3364 L.
1018 3308 1069 3363 Fa-

156 3401 237 3455 bricio
256 3401 322 3474 ipso,
340 3401 387 3474 qui
409 3412 517 3457 auctore
538 3401 688 3473 Oppianico
710 3418 845 3455 venenum
865 3398 986 3453 Cluentio
1005 3400 1068 3451 dare

156 3491 244 3544 conati
262 3500 347 3557 crant,
368 3490 547 3563 Oppianicum
565 3490 652 3562 ipsum
670 3489 808 3565 Cluentius
825 3490 859 3542 do
876 3486 1003 3540 veneficio
1028 3504 1070 3540 ac·

156 3580 257 3634 cusavit
280 3580 553 3651 condemnavitque.··
571 3579 630 3633 Neo
651 3586 741 3658 tamen
765 3577 834 3629 istud
858 3574 991 3642 iudicium,
1016 3592 1069 3646 quo

418 3714 422 3721 -
506 3671 526 3735 1
