2667 4034
376 321 447 364 one.
467 320 664 363 nvn-evm.
706 306 737 373 ἐξ
761 304 925 363 loe-159.
1065 308 1102 364 85

191 492 381 579 periculosa
406 497 440 557 eb
464 511 567 577 quom
591 490 724 556 infinito
749 492 898 576 quaestio
924 498 1105 577 temptetur

195 601 240 664 ab
252 599 509 679 accusatoribus,
524 619 631 681 quum
652 617 726 662 eam
746 598 865 680 legem,
881 599 1018 681 quaein
1032 620 1104 663 nos-

195 713 289 770 trum
303 705 453 769 ordinem
468 705 589 787 scripta
603 702 657 785 sit,
673 703 709 767 in
730 703 892 788 populum
915 702 1105 768 Romanum

195 811 372 876 transferre
387 817 560 874 conentur.
586 808 661 886 Quo
670 809 707 873 in
717 809 790 893 lego
802 816 866 875 est:
890 827 947 884 om
963 827 1104 892 comen,

192 917 285 1006 quod
300 937 402 1001 quam
416 915 482 980 late
497 920 609 1000 puteat
617 914 754 980 videtis:
772 909 990 998 couveniens,
1000 935 1104 1000 oeque

195 1023 362 1088 incertum
383 1027 418 1087 eb
438 1020 609 1087 infinitum
630 1026 701 1086 esi:
730 1038 960 1104 consensum,
975 1023 1037 1086 hoo
1051 1042 1104 1087 ve-

195 1150 233 1193 ro
247 1149 354 1213 quum
372 1127 542 1192 infinitum
562 1132 636 1192 tum
657 1128 835 1193 obscurum
858 1134 892 1193 et
914 1129 1101 1194 oecultum:

196 1251 375 1298 nnnsunvn
403 1249 629 1321 unsumoniun
658 1250 805 1315 omnen,
834 1235 910 1318 quis
940 1233 981 1298 de
1011 1234 1104 1318 plebe

195 1339 346 1405 Romanu
360 1339 587 1404 testimonium
602 1339 688 1403 dixis
702 1359 875 1423 umquem,
890 1341 946 1404 oui
960 1361 1028 1404 non
1042 1341 1104 1404 hoe

195 1445 383 1530 perieulum
397 1445 436 1509 T.
453 1445 556 1510 Accio
578 1451 713 1510 auctore
735 1451 889 1530 paratum
911 1466 980 1510 esse
995 1446 1104 1511 video

195 1550 260 1616 tis?
305 1551 393 1617 Nam
419 1552 589 1617 dicturum
613 1551 750 1636 quidem
770 1558 870 1633 sorte,
886 1551 913 1615 si
933 1552 997 1616 hoo
1019 1552 1104 1616 iudi-

196 1657 286 1723 oium
311 1657 397 1742 plebi
423 1657 593 1722 Romanae
622 1657 829 1742 propositum
858 1659 913 1740 sit,
937 1659 1105 1723 neminem

195 1785 357 1848 umquam
370 1784 440 1829 esse
455 1763 624 1830 confimo.
671 1761 747 1828 158.
780 1763 846 1829 Sed
865 1765 928 1830 hoe
949 1765 1104 1850 polliceor

196 1871 360 1952 omnibus,
376 1870 404 1934 si
419 1870 475 1935 eui
489 1870 574 1936 forte
590 1871 654 1935 hae
675 1869 749 1954 lege
772 1873 949 1955 negocium
969 1871 1104 1937 facesso-

196 1981 265 2055 tur,
279 1975 338 2057 qui
351 1974 425 2058 lege
439 1993 507 2040 non
522 1953 688 2057 tenentur,
704 1975 775 2040 siis
789 1976 841 2040 uti
861 1997 914 2040 me
935 1977 1104 2042 defensore

194 2079 349 2161 voluerit,
364 2100 418 2145 me
432 2081 504 2145 eius
519 2101 654 2145 oausam
667 2081 752 2164 legis
774 2082 937 2164 praesidio
956 2082 1104 2146 defensu-

195 2206 285 2267 rum,
311 2191 345 2250 et
370 2186 423 2250 vel
451 2187 503 2251 his
528 2186 695 2251 iudicibus
719 2186 774 2251 vel
799 2188 920 2262 horum
945 2187 1105 2251 similibus

196 2291 354 2357 facillime
369 2293 588 2376 probaturum
602 2298 637 2357 et
652 2292 742 2358 omni
757 2313 811 2358 me
827 2291 1013 2357 defensione
1028 2313 1106 2355 usu-

95 2393 98 2402 '
195 2415 275 2458 rum
298 2414 367 2459 esse
390 2394 486 2478 legis,
508 2414 576 2478 qua
599 2415 690 2474 nune
712 2401 752 2458 ut
773 2401 861 2475 utar,
884 2394 926 2458 ab
943 2414 994 2475 eo,
1010 2393 1106 2459 ouius

196 2499 363 2564 voluntati
384 2500 467 2581 mihi
490 2500 785 2585 obtemperandum
800 2505 861 2582 est,
875 2521 943 2565 non
959 2500 1106 2564 oonoedi-
1137 2509 1142 2515 '

196 2612 264 2670 tur.
310 2604 437 2676 LVIII.
469 2605 546 2671 Non
568 2606 658 2671 enim
673 2606 775 2671 debeo
790 2606 953 2688 dubitare,
968 2606 1106 2688 iudices,

196 2711 291 2794 quin,
314 2711 342 2775 si
363 2731 432 2796 quo
453 2711 496 2776 ad
518 2731 583 2789 vos¹
598 2732 700 2776 eausa
721 2712 909 2785 eiusmodi
932 2712 1041 2777 delata
1064 2713 1107 2777 sit

196 2817 281 2897 eius,
296 2817 354 2901 qui
368 2817 443 2901 lege
457 2839 525 2882 non
539 2823 705 2900 teneatur,
721 2813 821 2884 etiam
837 2819 864 2884 si
878 2819 907 2884 is
924 2820 1106 2884 invidiosus

196 2927 257 2986 aul
276 2923 392 2988 multis
414 2924 558 2989 offensus
581 2945 651 2989 osse
673 2925 837 3008 videatur,
856 2927 956 2991 etiam
978 2926 1006 2990 si
1028 2947 1107 2991 eum

196 3028 342 3110 oderisio,
367 3030 469 3094 etiam
494 3030 522 3095 si
548 3030 645 3095 inviti
675 3031 858 3096 absoluturi
885 3032 967 3112 sitis,
993 3039 1107 3096 temen

196 3134 371 3200 absolvatis
393 3141 428 3200 et
450 3135 603 3220 religioni
627 3136 738 3220 polius
759 3142 887 3201 vestrae
907 3155 1009 3218 quam
1031 3136 1106 3200 odio

195 3241 350 3324 pareatis.
397 3239 473 3306 159.
505 3241 565 3307 nse
585 3242 675 3306 enim
689 3242 844 3326 sapientis
858 3240 979 3305 iudicis
993 3240 1107 3305 memi-

195 3345 283 3410 nisse
305 3367 340 3412 se
363 3347 544 3430 hominem,
560 3348 706 3430 cogitare
724 3351 857 3411 ionium
872 3346 934 3410 sibi
950 3367 970 3410 a
984 3345 1107 3430 populo

196 3450 353 3519 Romano.
363 3473 433 3519 esse
446 3454 657 3538 permissum,
665 3458 829 3537 quantum
840 3453 1052 3517 commissum
1064 3451 1107 3516 sit

195 3562 230 3623 et
245 3558 421 3642 creditum,
437 3566 471 3623 et
486 3579 553 3623 non
569 3557 679 3623 solum
695 3557 756 3620 sibi
771 3563 967 3642 potestatem
982 3558 1106 3640 datam,

503 3663 524 3727 8
