2667 4034
232 268 271 325 88
458 281 522 324 rao
544 281 575 324 a·
596 279 758 323 onunurro
782 279 914 322 orario.

231 451 420 534 quemdam,
435 451 531 516 cuius
551 452 638 515 bona
661 455 773 516 teneat
798 449 955 514 Habitus.
1001 450 1060 514 Est
1083 450 1139 514 hic

231 557 359 622 Ennius
381 577 480 641 egens
503 557 640 640 quidam
661 556 892 638 calumniator,
914 557 1138 622 mercenarius

231 663 413 747 Oppianici,
435 664 494 747 qui
515 663 697 747 permultos
720 683 823 726 annos
843 663 986 745 quievit:
1019 662 1138 726 deinde

231 770 408 854 aliquando
424 791 502 834 cum
517 770 618 834 servis
632 769 748 834 Habiti
763 768 846 832 furti
860 769 945 852 egit:
973 789 1081 852 nuper
1097 769 1138 832 ab

230 876 300 960 ipso
316 875 439 940 Habito
460 882 570 960 petere
595 875 711 958 coepit.
757 874 823 938 Hic
838 874 897 938 illo
911 875 1038 960 privato
1053 875 1138 937 iudi-

124 983 127 988 ’
231 982 293 1062 cio,
307 982 390 1044 mihi
412 981 547 1062 credite,
562 981 654 1045 vobis
676 980 793 1044 iisdem
819 979 955 1044 sortasse
978 980 1136 1064 patronis,

231 1086 432 1151 calumniam
454 1108 520 1152 non
543 1087 689 1170 effugiet.
736 1087 847 1170 Atque
863 1087 974 1168 ctiam,
990 1091 1030 1150 ut
1044 1087 1138 1150 nobis

230 1193 458 1274 renunciatur,
474 1193 642 1257 hominem
663 1191 847 1270 multorum
870 1192 1044 1276 hospitem,
1060 1193 1138 1256 Am-

230 1299 357 1363 bivium
372 1299 560 1383 quemdam,
576 1319 736 1383 coponem
751 1298 791 1362 de
806 1300 860 1362 via
880 1298 1011 1379 Latina,
1027 1299 1138 1362 subor-

230 1406 329 1485 natis,
338 1406 397 1489 qui
411 1406 473 1468 sibi
484 1425 504 1468 a
517 1405 672 1470 Cluentio
684 1405 850 1488 servisque
865 1405 936 1468 cius
951 1405 987 1468 in
1002 1405 1138 1468 taberna

231 1530 292 1574 sua
313 1531 432 1588 manus
457 1510 583 1575 adlatas
604 1531 676 1574 esse
699 1511 797 1574 dicat.
846 1509 919 1588 Quo
943 1511 983 1574 de
1005 1510 1138 1574 homine

230 1617 314 1680 nihil
341 1618 441 1681 etiam
466 1638 556 1681 nunc
582 1617 691 1682 dicere
717 1617 810 1681 nobis
837 1622 886 1682 est
912 1636 1054 1681 necesse.
1103 1615 1138 1679 Si

230 1722 429 1802 invitaverit,
452 1722 486 1785 id
508 1723 597 1805 quod
622 1723 717 1804 solet,
740 1723 785 1787 sic
811 1723 978 1787 hominem
1004 1723 1138 1806 accipie-

230 1848 317 1907 mus,
332 1834 372 1891 ut
392 1827 528 1892 moleste
551 1827 636 1892 serat
655 1849 689 1893 se
705 1829 815 1894 devia
830 1829 1014 1893 decessisse.
1061 1826 1136 1892 164.

230 1931 381 2013 Habetis,
393 1933 530 2014 iudices,
542 1954 627 2016 quae
642 1935 678 1998 in
698 1940 802 1998 totam
817 1935 920 1998 vitam
936 1935 976 1998 de
992 1934 1138 1998 moribus

231 2039 273 2101 A.
292 2037 449 2118 Cluentii,
464 2059 564 2122 quem
586 2040 636 2104 illi
658 2041 858 2104 invidiosum
880 2061 949 2105 esse
972 2061 1068 2104 reum
1084 2061 1139 2104 vc

136 2168 140 2174 ·
229 2143 318 2224 lunt,
330 2164 433 2208 annos
445 2151 518 2209 octo
532 2145 684 2210 meditati
700 2152 905 2210 accusatores
921 2146 1136 2229 collegerunt.

233 2249 341 2328 Quam
355 2250 441 2314 levia
461 2271 580 2333 genero
602 2250 692 2334 ipso!
724 2272 826 2335 quam
847 2251 929 2317 falsa
951 2251 1005 2317 re!
1037 2272 1138 2334 quam

230 2355 342 2419 brevia
356 2356 532 2440 responsu!
572 2356 646 2419 LX.
673 2357 866 2440 cognoscite
881 2358 1033 2439 nuncid,
1048 2357 1139 2441 quod

143 2476 155 2530 ,·
231 2461 274 2524 ad
296 2468 443 2526 vestrum
468 2463 520 2526 ius
547 2463 727 2526 iurandum
750 2465 904 2548 pertinet,
927 2464 1016 2547 quod
1038 2464 1139 2528 vestri

230 2567 346 2632 iudicii
362 2574 422 2648 est,
435 2569 524 2651 quod
538 2569 628 2633 vobis
644 2571 752 2635 oneris
767 2571 924 2654 imposuit
939 2570 1058 2650 calex,
1072 2590 1138 2652 qua

231 2673 336 2736 coacti
357 2673 424 2738 huc
446 2676 654 2756 convenistis,
671 2676 711 2740 de
727 2677 918 2741 criminibus
932 2677 1070 2740 veneni:
1099 2682 1139 2740 ut

231 2798 345 2842 omnes
359 2778 548 2862 intelligant
563 2801 663 2864 quam
679 2783 792 2866 paucis
807 2783 914 2847 verbis
931 2783 1013 2846 haec
1039 2802 1139 2846 causa

231 2883 376 2968 perorari
396 2886 541 2968 potuerit
562 2893 596 2950 et
610 2907 710 2969 quam
730 2886 838 2952 multa
853 2907 873 2952 a
887 2907 940 2952 mc
957 2888 1137 2968 dictasint,

231 3010 316 3073 quae
339 2990 382 3054 ad
404 2985 504 3055 huius
526 2991 733 3056 voluntatem
755 2994 910 3073 maxime,
926 2993 968 3056 ad
984 2999 1139 3059 ‘vestrum
1229 3025 1233 3032 ·

124 3166 130 3180 ι
231 3095 393 3160 iudicium
408 3098 542 3162 minime
558 3099 773 3182 pertinerent.

259 3297 262 3302 ,
276 3199 351 3265 165.
376 3202 549 3267 Obiectum
563 3209 613 3268 est
622 3203 761 3268 Vibium
778 3205 1004 3290 Cappadocem
1020 3205 1138 3270 abhoc

230 3306 272 3370 A.
299 3307 451 3373 Cluentio
475 3329 601 3375 veneno
626 3330 695 3374 esse
723 3311 901 3376 sublatum.
948 3312 1138 3396 Opportune

231 3412 324 3476 adest
338 3413 436 3476 homo
452 3435 582 3478 summa
595 3414 661 3479 fide
677 3422 710 3480 et
726 3417 815 3479 omni
824 3418 947 3481 virtute
960 3419 1138 3502 praeditus,

231 3513 269 3575 L.
286 3516 482 3600 Plaetorius,
499 3526 639 3601 senator,
653 3521 711 3602 qui
726 3521 815 3585 illius
831 3522 923 3585 Vibii
940 3524 1058 3606 hospes
1073 3523 1137 3588 luit
