2667 4034
258 285 299 342 34
478 296 543 339 ruo
563 294 596 339 Α.
620 295 782 343 cananum
805 295 937 340 omme.

258 470 321 535 etsi
344 490 365 533 a
385 467 477 533 vobis
500 467 547 532 sie
572 466 703 547 audior,
715 472 756 531 nt
778 486 963 551 numquam
985 467 1164 553 benignius

258 596 367 659 neque
389 573 549 639 attentius
570 592 772 657 quemquam
794 573 949 637 auditum
970 580 1096 659 putem,
1117 582 1165 641 ta-

258 702 335 747 men
363 688 460 747 voeat
487 700 542 745 me
570 679 636 745 alio
663 678 733 743 iam
764 678 893 745 dudum
922 681 1025 745 tacita
1053 689 1164 747 vestra

258 788 470 872 exspectatio,
497 806 581 869 quae
610 785 693 851 mihi
718 785 851 869 obloqui
874 786 1018 851 videtur.
1073 787 1163 866 Quid

258 892 361 978 ergo?
384 912 528 976 negasne
549 891 635 957 illud
655 892 915 961 iudiciumessa
941 893 1160 978 corruptum?

258 999 335 1066 Non
348 1018 445 1083 nego,
460 998 518 1063 sed
533 999 576 1062 ab
600 998 664 1063 hoe
687 1005 883 1082 corruptum
904 1020 972 1065 non
994 1020 1064 1065 esse
1087 1020 1163 1065 eon·
1201 1049 1210 1071 .

257 1105 364 1171 lirino.
409 1104 443 1169 A
467 1117 534 1188 quo
558 1104 664 1187 igitur
688 1110 739 1169 est
763 1102 980 1189 corruptum?
1027 1105 1162 1189 Opinor‚

257 1214 416 1298 primum,
429 1212 458 1277 si
472 1212 639 1277 incertum
652 1211 771 1277 fuisset
781 1211 936 1295 quisnam
946 1212 1056 1277 exitus
1071 1212 1162 1277 illius

257 1320 374 1384 iudicii
398 1319 534 1385 futurus
559 1324 656 1397 esset,
671 1317 742 1383 veri
768 1318 908 1383 similius
930 1323 1043 1382 tamen
1064 1324 1162 1399 esset,

258 1446 337 1491 eum
351 1427 461 1510 potius
475 1424 671 1510 surrupiam,
686 1424 745 1508 qui
759 1424 932 1489 metuisset
945 1444 988 1489 ne
1003 1424 1071 1507 ipse
1086 1444 1163 1489 eon-

258 1532 483 1613 demnaretur,
512 1552 615 1615 quam
637 1530 745 1611 illum,
771 1530 830 1614 qui
855 1530 980 1595 veritus
1010 1536 1162 1594 essetne

259 1638 344 1703 alter
368 1637 611 1702 absolveretur:
644 1636 763 1705 deinde
786 1658 893 1720 quum
922 1642 1008 1701 esset
1035 1636 1164 1701 nemini

259 1743 400 1808 dubium
424 1743 507 1826 quid
530 1742 672 1807 iudicari
697 1762 830 1808 neeesse
852 1748 949 1824 esset,
971 1763 1050 1807 eum
1073 1747 1163 1807 eerte

258 1849 380 1934 potius,
394 1849 454 1933 qui
468 1849 530 1913 sibi
544 1848 611 1913 alia
626 1850 754 1915 ratione
769 1848 943 1930 diffideret,
958 1869 1059 1933 quam
1074 1868 1164 1927 eum,

258 1954 553 2039 quiomniratione
563 1954 760 2021 confideret:
777 1962 942 2039 postremo
954 1962 1040 2019 corte
1050 1954 1162 2039 potius

257 2060 366 2142 illum,
381 2061 504 2145 quibis
519 2057 608 2146 apud
629 2082 685 2125 eos
707 2061 833 2125 iudices
848 2061 1046 2141 offendisset,
1061 2080 1165 2143 quam

257 2187 347 2249 eum,
363 2168 421 2251 qui
435 2167 484 2231 bis
499 2158 635 2232 oausam
649 2167 690 2231 iis
710 2166 922 2251 probavisset.
968 2166 1021 2231 64.
1046 2165 1164 2231 Unum

257 2276 393 2358 quidem
416 2281 505 2339 oerto
531 2274 719 2343 nemoerit
745 2279 814 2339 tam
839 2274 994 2339 inimicus
1010 2273 1165 2339 Cluentio

258 2381 317 2463 qui
345 2381 427 2445 mihi
456 2402 525 2446 non
553 2380 730 2446 concedat:
763 2380 791 2445 si
816 2387 944 2445 constet
969 2387 1165 2465 corruptum

258 2484 343 2550 illud
360 2486 523 2549 iudicium
540 2505 622 2567 esse,
637 2490 699 2550 aut
721 2484 762 2548 ab
782 2482 906 2549 Habito
930 2490 990 2549 aut
1010 2486 1050 2549 ab
1069 2482 1166 2568 Oppi-

259 2592 353 2655 anieo
374 2611 444 2655 esse
466 2598 671 2675 corruptum.
719 2588 754 2654 si
769 2588 869 2655 doceo
884 2612 952 2656 non
968 2591 1008 2655 ab
1029 2590 1165 2671 Habit0,

258 2695 354 2759 vineo
380 2696 421 2758 ab
447 2694 644 2779 Oppianico:
680 2696 709 2759 si
734 2696 871 2762 ostendo
901 2698 943 2761 ab
974 2696 1165 2781 Oppianico,

259 2820 365 2883 purgo
379 2798 551 2864 Habitum.
599 2799 675 2878 Qua
695 2821 743 2883 re,
757 2802 821 2869 etsi
846 2803 925 2867 satis
946 2802 1045 2867 doeui
1068 2802 1166 2891 ratio-

259 2927 337 2973 nem
351 2906 480 2971 nullan
498 2907 578 2973 huie
600 2909 835 2993 corrumpendi
856 2909 972 2973 iudieii
994 2909 1106 2990 fuisse,
1122 2928 1166 2973 ex

259 3036 326 3098 quo
354 3013 551 3098 intelligitur
580 3015 622 3079 ab
647 3015 828 3099 Oppianico
857 3036 927 3081 esse
958 3022 1166 3099 corruptum,

256 3129 372 3187 tamen
387 3122 428 3186 de
442 3121 582 3206 illoipso
593 3122 770 3206 separatim
786 3122 982 3206 cognoscite.
1029 3119 1164 3185 XXIV.

256 3228 371 3311 ¹Atque
400 3248 461 3311 ego
486 3227 545 3293 illa
573 3248 641 3292 nou
671 3228 939 3311 argumentabor,
970 3246 1056 3311 quae
1086 3233 1167 3292 suut

259 3335 374 3417 gravia
386 3334 619 3399 vehementer:
644 3354 723 3399 eum
745 3335 942 3420 corrupisse,
959 3334 1067 3419 quiin
1081 3336 1167 3418 peri·

257 3440 336 3504 ,eulo
357 3439 481 3503 suerit:
505 3460 595 3521 eum,
610 3439 670 3523 qui
691 3441 867 3507 metuerit:
893 3462 983 3522 eum,
998 3440 1057 3524 qui
1075 3459 1167 3524 spem

254 3543 376 3609 ‚salutis
401 3545 438 3609 iu
458 3544 526 3609 alia
548 3545 676 3618 ratione
703 3566 770 3611 uon
795 3547 969 3615 habuerit:
994 3536 1085 3630 eum,
1107 3542 1168 3631 qui
